Date,Quarter,Total Revenue,Gross Profit,Net Income,Total Operating Expenses,EPS,Total Revenue Gr,Gross Profit Gr,Net Income Gr,Total Operating Expenses Gr,EPS Gr,Year
2022-12-31,4,117154,50332,29998,81138,1.88,0.29960286646107426,0.3212232576453603,0.44771005260363883,0.2434561392754245,0.4573643410852712,2022
2022-09-30,3,90146,38095,20721,65252,1.29,0.08663315613736906,0.06158562073289675,0.0657854130233515,0.08965816675851243,0.07500000000000007,2022
2022-06-30,2,82959,35885,19442,59883,1.2,-0.14719669401097885,-0.15681759439836462,-0.22263094762095162,-0.11019480230018276,-0.21052631578947373,2022
2022-03-31,1,97278,42559,25010,67299,1.52,-0.2151518818830933,-0.2154010655752816,-0.2777938203869477,-0.18382914731314504,-0.2761904761904762,2022
2021-12-31,4,123945,54243,34630,82457,2.1,0.48686420345489445,0.5421333939841929,0.6850761520120675,0.38411051801121293,0.7073170731707318,2021
2021-09-30,3,83360,35174,20551,59574,1.23,0.023651054841957904,-0.002297546447312438,-0.05486571008094187,0.039540727298108466,-0.05384615384615389,2021
2021-06-30,2,81434,35255,21744,57308,1.3,-0.09097606715484909,-0.07416161138685365,-0.07981379602200593,-0.07688342649119699,-0.07142857142857134,2021
2021-03-31,1,89584,38079,23630,62081,1.4,-0.19611626091404266,-0.14097184623714132,-0.17822987306555382,-0.20311918362107695,-0.16666666666666669,2021
2020-12-31,4,111439,44328,28755,77905,1.68,0.7224489165043742,0.7954554659970027,1.2689970804071649,0.5605031748893295,1.2702702702702702,2020
2020-09-30,3,64698,24689,12673,49923,0.74,0.0839909525006283,0.08858024691358024,0.12618857193637253,0.07144696742069795,0.1384615384615384,2020
2020-06-30,2,59685,22680,11253,46594,0.65,0.02352820125872447,0.013857845328565042,0.00035558716330340474,0.024945006599208095,0.015625000000000014,2020
2020-03-31,1,58313,22370,11249,45460,0.64,-0.36491357997800017,-0.36479541130703924,-0.4941086526353661,-0.31381132075471696,-0.488,2020
2019-12-31,4,91819,35217,22236,66250,1.25,0.4337757651467833,0.4484843499362481,0.6247259973695748,0.36837756893524737,0.6233766233766234,2019
2019-09-30,3,64040,24313,13686,48415,0.77,0.1901354791949302,0.20200721807485045,0.36260454002389486,0.14551046965574352,0.3999999999999999,2019
2019-06-30,2,53809,20227,10044,42265,0.55,-0.07249849176937,-0.07304889785069428,-0.13121702274889716,-0.0523542600896861,-0.11290322580645154,2019
2019-03-31,1,58015,21821,11561,44600,0.62,-0.31188471118491284,-0.31875370734600855,-0.4209366391184573,-0.2684207073026704,-0.40952380952380957,2019
2018-12-31,4,84310,32031,19965,60964,1.05,0.34038155802861686,0.3299701046337818,0.41345132743362834,0.303150784489761,0.41891891891891897,2018
2018-09-30,3,62900,24084,14125,46782,0.74,0.18088801276635688,0.17937417364477742,0.2262349162253668,0.15076378127075493,0.25423728813559326,2018
2018-06-30,2,53265,20421,11519,40653,0.59,-0.12875999803719515,-0.12812740158825037,-0.16661843437997395,-0.10145215834493734,-0.1323529411764707,2018
2018-03-31,1,61137,23422,13822,45243,0.68,-0.30756685127926336,-0.3093300306676103,-0.31113879890356344,-0.27049775068930487,-0.2989690721649484,2018
2017-12-31,4,88293,33912,20065,62019,0.97,0.6792445653207554,0.701470071747529,0.8727832742206458,0.5717326845586558,0.8653846153846153,2017
2017-09-30,3,52579,19931,10714,39459,0.52,0.1579237138830162,0.13969579139981703,0.22909257772169325,0.13911662817551962,0.2380952380952382,2017
2017-06-30,2,45408,17488,8717,34640,0.42,-0.14156079854809436,-0.15069690641542421,-0.2096291594886209,-0.10719348436815382,-0.20754716981132082,2017
2017-03-31,1,52896,20591,11029,38799,0.53,-0.32488417505839107,-0.3176365323435843,-0.3835447990609804,-0.29446101251091067,-0.369047619047619,2017
2016-12-31,4,78351,30176,17891,54992,0.84,0.6723085460599334,0.6940436759669903,0.9848014200133126,0.5671254737682027,0.9534883720930232,2016
2016-09-30,3,46852,17813,9014,35091,0.43,0.10609566079607158,0.10598534707562399,0.15623396613648025,0.08799181471491024,0.19444444444444448,2016
2016-06-30,2,42358,16106,7796,32253,0.36,-0.16217338845263762,-0.1915064504793936,-0.2586534804108026,-0.11804757998359311,-0.25,2016
2016-03-31,1,50557,19921,10516,36570,0.48,-0.33365404892450445,-0.3451993557505834,-0.42726431022275474,-0.29266358484362004,-0.4146341463414634,2016
2015-12-31,4,75872,30423,18361,51701,0.82,0.47321411234733307,0.48058205178119523,0.6505753326141676,0.4019469602473019,0.6399999999999999,2015
2015-09-30,3,51501,20548,11124,36878,0.5,0.038221953432113695,0.04405263960164626,0.041865692610283785,0.03817352626541298,0.08695652173913039,2015
2015-06-30,2,49605,19681,10677,35522,0.46,-0.1448888122737459,-0.16803347987825498,-0.21313287640946274,-0.1059599315413269,-0.20689655172413784,2015
2015-03-31,1,58010,23656,13569,39732,0.58,-0.2223756350621322,-0.20459971083689182,-0.2471704394141145,-0.21093082835183605,-0.24675324675324684,2015
2014-12-31,4,74599,29741,18024,50353,0.77,0.7709802245803955,0.8577675057779999,1.1287350891697177,0.6264939595581109,1.138888888888889,2014
2014-09-30,3,42123,16009,8467,30958,0.36,0.12532058132079504,0.08646080760095012,0.09279814145585957,0.14025782688766114,0.12499999999999993,2014
2014-06-30,2,37432,14735,7748,27150,0.32,-0.17995005038776674,-0.17897141583551568,-0.24210114447813752,-0.15296540105450349,-0.23809523809523805,2014
2014-03-31,1,45646,17947,10223,32053,0.42,-0.20745216515609266,-0.17847660899020415,-0.2179467564259486,-0.20129077271934415,-0.19230769230769237,2014
2013-12-31,4,57594,21846,13072,40131,0.52,0.5369876174210076,0.5749405233941316,0.7401490947816827,0.46239341155892427,0.7333333333333335,2013
2013-09-30,3,37472,13871,7512,27442,0.3,0.06083854712227161,0.06503378378378379,0.08869565217391304,0.050532118520787074,0.111111111111111,2013
2013-06-30,2,35323,13024,6900,26122,0.27,-0.18989519069788777,-0.20337635329377943,-0.2772598722111658,-0.15857626026735383,-0.24999999999999992,2013
2013-03-31,1,43603,16349,9547,31045,0.36,-0.2001210742588788,-0.22369420702754036,-0.2699954121425294,-0.1677389952281379,-0.2653061224489796,2013
2012-12-31,4,54512,21060,13078,37302,0.49,0.515653672913307,0.46239844455246165,0.590417122704609,0.49076812405083525,0.5806451612903225,2012
2012-09-30,3,35966,14401,8223,25022,0.31,0.026925163464009364,-0.03954915299453115,-0.06810970081595648,0.0670362473347548,-0.060606060606060656,2012
2012-06-30,2,35023,14994,8824,23450,0.33,-0.10623692134946154,-0.19230769230769232,-0.2407503011529857,-0.014788673220737753,-0.24999999999999997,2012
2012-03-31,1,39186,18564,11622,23802,0.44,-0.15425290829430427,-0.10331835965802058,-0.11037966932026945,-0.17904321732832063,-0.12,2012
2011-12-31,4,46333,20703,13064,28993,0.5,0.6389458790237,0.8192442882249561,0.9725200060395591,0.4822597137014315,1.0,2011
2011-09-30,3,28270,11380,6623,19560,0.25,-0.01053515802737041,-0.04546217077671531,-0.0937328954570334,0.01917465610671113,-0.10714285714285723,2011
2011-06-30,2,28571,11922,7308,19192,0.28,0.15826813151173633,0.16676453317674692,0.22064473024887254,0.14285714285714285,0.21739130434782614,2011
2011-03-31,1,24667,10218,5987,16793,0.23,-0.0775588048315321,-0.007768498737618955,-0.002831445702864757,-0.11213915618060696,0.0,2011
2010-12-31,4,26741,10298,6004,18914,0.23,0.3145062183552082,0.37087326943556975,0.393686165273909,0.26973684210526316,0.3529411764705882,2010
2010-09-30,3,20343,7512,4308,14896,0.17,0.2957324840764331,0.2242503259452412,0.3243160159852444,0.29914529914529914,0.30769230769230776,2010
2010-06-30,2,15700,6136,3253,11466,0.13,0.1630491147492407,0.09084444444444445,0.05823031880286272,0.20441176470588235,0.08333333333333341,2010
2010-03-31,1,13499,5625,3074,9520,0.12,-0.13925907033093157,-0.12260177819372953,-0.08999407933688573,-0.1312283263369228,-0.07692307692307698,2010
2009-12-31,4,15683,6411,3378,10958,0.13,0.2847546489719014,0.25582761998041137,0.3341232227488152,0.2856975243458876,0.3,2009
2009-09-30,3,12207,5105,2532,8523,0.1,0.25405794123690156,0.2816972131559126,0.3851203501094092,0.20008448324415656,0.4285714285714285,2009
2009-06-30,2,9734,3983,1828,7102,0.07,0.07155438132981065,0.09815274331403363,0.12839506172839507,0.05043632598727999,0.16666666666666682,2009
2009-03-31,1,9084,3627,1620,6761,0.06,0.0,0.0,0.0,0.0,0.0,2009
