Date,Quarter,Total Revenue,Gross Profit,Net Income,Total Operating Expenses,EPS,Total Revenue Gr,Gross Profit Gr,Net Income Gr,Total Operating Expenses Gr,EPS Gr,Year
2022-03-31,1,2660,1861,712,1935,1.56,0.08793456032719836,0.08830409356725147,0.5717439293598234,0.06377130291368883,0.5918367346938777,2022
2021-12-31,4,2445,1710,453,1819,0.98,-0.003667481662591687,-0.011560693641618497,-0.37344398340248963,0.11800860479409957,-0.379746835443038,2021
2021-09-30,3,2454,1730,723,1627,1.58,0.0674206176598521,0.04784978800726832,-0.030831099195710455,0.12206896551724138,-0.04242424242424233,2021
2021-06-30,2,2299,1651,746,1450,1.65,0.06484483557202408,0.0422979797979798,0.15658914728682172,0.09022556390977443,0.1379310344827586,2021
2021-03-31,1,2159,1584,645,1330,1.45,0.016957136128120585,0.02193548387096774,0.7671232876712328,-0.08149171270718232,0.7682926829268293,2021
2020-12-31,4,2123,1550,365,1448,0.82,0.0546448087431694,0.06896551724137931,-0.21336206896551724,0.1791530944625407,-0.21153846153846162,2020
2020-09-30,3,2013,1450,464,1228,1.04,0.052273915316257184,0.056081573197378005,0.04035874439461883,0.004909983633387889,0.040000000000000036,2020
2020-06-30,2,1913,1373,446,1222,1.0,-0.04014049172102358,-0.04718945176960444,0.0746987951807229,-0.027070063694267517,0.07526881720430102,2020
2020-03-31,1,1993,1441,415,1256,0.93,0.035862785862785865,0.0487627365356623,-0.26287744227353466,-0.004754358161648178,-0.26771653543307083,2020
2019-12-31,4,1924,1374,563,1262,1.27,-0.015353121801432957,-0.014347202295552367,0.1282565130260521,0.030204081632653063,0.13392857142857134,2019
2019-09-30,3,1954,1394,499,1225,1.12,0.033862433862433865,0.05128205128205128,0.16317016317016317,0.015754560530679935,0.16666666666666682,2019
2019-06-30,2,1890,1326,429,1206,0.96,0.04247104247104247,0.04409448818897638,0.08060453400503778,0.005838198498748957,0.07865168539325837,2019
2019-03-31,1,1813,1270,397,1199,0.89,-0.14962476547842402,-0.20175989943431805,0.42805755395683454,-0.31210556511761334,0.435483870967742,2019
2018-12-31,4,2132,1591,278,1743,0.62,0.1937290033594625,0.29454841334418225,-0.24250681198910082,0.43103448275862066,-0.25301204819277107,2018
2018-09-30,3,1786,1229,367,1218,0.83,0.002807411566535654,0.006552006552006552,0.19543973941368079,-0.013765182186234818,0.20289855072463772,2018
2018-06-30,2,1781,1221,307,1235,0.69,0.022388059701492536,-0.0008183306055646482,0.11231884057971014,-0.07766990291262135,0.09523809523809515,2018
2018-03-31,1,1742,1222,276,1339,0.63,0.021700879765395895,0.03735144312393888,0.2545454545454545,-0.02688953488372093,0.23529411764705882,2018
2017-12-31,4,1705,1178,220,1376,0.51,0.014277215942891136,0.014642549526270457,-0.26174496644295303,0.22857142857142856,-0.26086956521739124,2017
2017-09-30,3,1681,1161,298,1120,0.69,0.010823812387251955,0.013973799126637555,-0.13372093023255813,0.03130755064456722,-0.13750000000000012,2017
2017-06-30,2,1663,1145,344,1086,0.8,0.029084158415841586,0.018683274021352312,0.1903114186851211,0.0009216589861751152,0.19402985074626866,2017
2017-03-31,1,1616,1124,289,1085,0.67,0.04935064935064935,0.06844106463878327,0.4306930693069307,0.03333333333333333,0.3958333333333335,2017
2016-12-31,4,1540,1052,202,1050,0.48,0.0165016501650165,0.02734375,-0.15126050420168066,0.013513513513513514,-0.12727272727272737,2016
2016-09-30,3,1515,1024,238,1036,0.55,0.05062413314840499,0.04170905391658189,0.4782608695652174,0.026759167492566897,0.4864864864864866,2016
2016-06-30,2,1442,983,161,1009,0.37,0.1186966640806827,0.04797441364605544,-0.35080645161290325,0.2054958183990442,-0.3620689655172413,2016
2016-03-31,1,1289,938,248,837,0.58,0.00703125,0.015151515151515152,0.20388349514563106,-0.04669703872437358,0.2083333333333333,2016
2015-12-31,4,1280,924,206,878,0.48,0.033925686591276254,0.058419243986254296,1.7105263157894737,0.04898446833930705,1.6666666666666667,2015
2015-09-30,3,1238,873,76,837,0.18,0.054514480408858604,0.02464788732394366,-0.4108527131782946,0.06624203821656051,-0.4,2015
2015-06-30,2,1174,852,129,785,0.3,0.08804448563484708,0.04539877300613497,-0.29508196721311475,0.19119878603945373,-0.33333333333333337,2015
2015-03-31,1,1079,815,183,659,0.45,0.03154875717017208,0.05981794538361508,0.08284023668639054,-0.05857142857142857,0.09756097560975618,2015
2014-12-31,4,1046,769,169,700,0.41,0.007707129094412331,0.01989389920424403,-0.155,0.07197549770290965,-0.18000000000000005,2014
2014-09-30,3,1038,754,200,653,0.5,0.006789524733268671,-0.006587615283267457,-0.13043478260869565,0.03815580286168521,-0.13793103448275856,2014
2014-06-30,2,1031,759,230,629,0.58,0.047764227642276426,0.04979253112033195,0.13861386138613863,-0.0015873015873015873,0.13725490196078421,2014
2014-03-31,1,984,723,202,630,0.51,0.044585987261146494,0.04782608695652174,1.02,-0.029275808936825885,1.04,2014
2013-12-31,4,942,690,100,649,0.25,0.16584158415841585,0.13673805601317957,-0.4444444444444444,0.30060120240480964,-0.4444444444444445,2013
2013-09-30,3,808,607,180,499,0.45,-0.0012360939431396785,0.006633499170812604,0.8,0.006048387096774193,0.8,2013
2013-06-30,2,809,603,100,496,0.25,0.007471980074719801,0.0033277870216306157,-0.4152046783625731,-0.013916500994035786,-0.41860465116279066,2013
2013-03-31,1,803,601,171,503,0.43,0.045572916666666664,0.047038327526132406,0.25735294117647056,0.028629856850715747,0.26470588235294107,2013
2012-12-31,4,768,574,136,489,0.34,0.07713884992987377,0.08712121212121213,-0.41379310344827586,0.16985645933014354,-0.4137931034482758,2012
2012-09-30,3,713,528,232,418,0.58,0.02148997134670487,0.005714285714285714,3.8333333333333335,-0.02107728337236534,3.833333333333333,2012
2012-06-30,2,698,525,48,427,0.12,0.0014347202295552368,-0.0019011406844106464,-0.7828054298642534,0.011848341232227487,-0.7857142857142857,2012
2012-03-31,1,697,526,221,422,0.56,0.06738131699846861,0.0778688524590164,0.07804878048780488,0.04197530864197531,0.09803921568627459,2012
2011-12-31,4,653,488,205,405,0.51,0.03650793650793651,0.05856832971800434,-13.8125,0.007462686567164179,-13.75,2011
2011-09-30,3,630,461,-16,402,-0.04,0.05527638190954774,0.033632286995515695,-1.1391304347826088,0.08355795148247978,-1.1379310344827585,2011
2011-06-30,2,597,446,115,371,0.29,0.06039076376554174,0.04449648711943794,0.25,0.07848837209302326,0.2608695652173912,2011
2011-03-31,1,563,427,92,344,0.23,0.02737226277372263,0.02891566265060241,0.09523809523809523,0.0,0.15,2011
2010-12-31,4,548,415,84,344,0.2,0.0682261208576998,0.0641025641025641,-0.0967741935483871,0.14666666666666667,-0.13043478260869565,2010
2010-09-30,3,513,390,93,300,0.23,0.09148936170212765,0.0893854748603352,-0.07,0.06761565836298933,-0.07999999999999996,2010
2010-06-30,2,470,358,100,281,0.25,0.03524229074889868,0.028735632183908046,0.041666666666666664,0.018115942028985508,0.041666666666666706,2010
2010-03-31,1,454,348,96,276,0.24,0.013392857142857142,0.023529411764705882,0.5,0.014705882352941176,0.6,2010
2009-12-31,4,448,340,64,272,0.15,0.009009009009009009,0.011904761904761904,-0.04477611940298507,0.026415094339622643,-0.11764705882352951,2009
2009-09-30,3,444,336,67,265,0.17,0.04964539007092199,0.04672897196261682,0.19642857142857142,0.0311284046692607,0.21428571428571425,2009
2009-06-30,2,423,321,56,257,0.14,0.034229828850855744,0.03215434083601286,-0.05084745762711865,-0.003875968992248062,-0.06666666666666654,2009
2009-03-31,1,409,311,59,258,0.15,0.0,0.0,0.0,0.0,0.0,2009
