Date,Quarter,Total Revenue,Gross Profit,Net Income,Total Operating Expenses,EPS,Total Revenue Gr,Gross Profit Gr,Net Income Gr,Total Operating Expenses Gr,EPS Gr,Year
2022-09-30,3,127101,56833,2872,124576,0.28,0.048394014880314105,0.03690932311621967,-2.416173570019724,0.056471925167702705,-2.4,2022
2022-06-30,2,121234,54810,-2028,117917,-0.2,0.04113565318951599,0.09740714786264891,-0.4724245577523413,0.04559521170472179,-0.47368421052631576,2022
2022-03-31,1,116444,49945,-3844,112775,-0.38,-0.1525922044654033,-0.08487091632006157,-1.2683795294281923,-0.15809394409937888,-1.2753623188405796,2022
2021-12-31,4,137412,54577,14323,133952,1.38,0.24004620438219687,0.1398228979574788,3.538339670468948,0.26417516043790107,3.451612903225806,2021
2021-09-30,3,110812,47882,3156,105960,0.31,-0.020056597099398655,-0.020898086046131196,-0.5942401645667267,0.005522974434891533,-0.5921052631578947,2021
2021-06-30,2,113080,48904,7778,105378,0.76,0.042039108719290806,0.06047923669088149,-0.04058221290243,0.057449349241869285,-0.037974683544303826,2021
2021-03-31,1,108518,46115,8107,99653,0.79,-0.135693520767791,-0.003371442155994035,0.12254223206867904,-0.16033602399689928,0.11267605633802827,2021
2020-12-31,4,125555,46271,7222,118682,0.71,0.3058921420770711,0.18525064678910833,0.14073606065392513,0.31940723282676126,0.1451612903225806,2020
2020-09-30,3,96145,39039,6331,89951,0.62,0.08135009897426669,0.07687851704733532,0.20751478161358,0.08284679001793689,0.19230769230769226,2020
2020-06-30,2,88912,36252,5243,83069,0.52,0.17839156019721147,0.16210931238980605,1.0682445759368837,0.1624057204427466,1.08,2020
2020-03-31,1,75452,31195,2535,71463,0.25,-0.13707011905714972,-0.06769276748356247,-0.22429620563035496,-0.14473951913065333,-0.21875000000000003,2020
2019-12-31,4,87437,33460,3268,83557,0.32,0.2494391334790872,0.1667073468391506,0.5313964386129335,0.2504040464503771,0.523809523809524,2019
2019-09-30,3,69981,28679,2134,66824,0.21,0.10373162576493597,0.0595559167990542,-0.18704761904761905,0.10782493368700265,-0.19230769230769237,2019
2019-06-30,2,63404,27067,2625,60320,0.26,0.06204355108877722,0.04992242048099302,-0.2628475147430497,0.09117221418234443,-0.27777777777777773,2019
2019-03-31,1,59700,25780,3561,55280,0.36,-0.17522070099332715,-0.06584048990832336,0.17641228939544104,-0.1941221062452621,0.2,2019
2018-12-31,4,72383,27597,3027,68596,0.3,0.27939408936651583,0.17070377126373393,0.04994797086368366,0.2978884431998789,0.03448275862068969,2018
2018-09-30,3,56576,23573,2883,52852,0.29,0.06977271867791097,0.05927024355172104,0.13772691397000789,0.059094643608600686,0.15999999999999992,2018
2018-06-30,2,52886,22254,2534,49903,0.25,0.036127111006622,0.09587826857733786,0.5555555555555556,0.016043978417998574,0.5625,2018
2018-03-31,1,51042,20307,1629,49115,0.16,-0.1556746563445983,-0.07523111252789288,-0.12230603448275862,-0.1579371474617244,-0.15789473684210525,2018
2017-12-31,4,60453,21959,1856,58327,0.19,0.381972384784199,0.35591231861685707,6.25,0.34403299767265016,5.333333333333334,2017
2017-09-30,3,43744,16195,256,43397,0.03,0.15252272427875116,0.11658852730281302,0.29949238578680204,0.16261687250515713,0.4999999999999999,2017
2017-06-30,2,37955,14504,197,37327,0.02,0.0627485019880159,0.0926623474461353,-0.7279005524861878,0.07542712264830448,-0.7142857142857143,2017
2017-03-31,1,35714,13274,724,34709,0.07,-0.18351203676184816,-0.10201596536327967,-0.03337783711615487,-0.18304853363460905,-0.12499999999999993,2017
2016-12-31,4,43741,14782,749,42486,0.08,0.33707281286299445,0.2905535184215121,1.9722222222222223,0.32194530010267897,1.6666666666666667,2016
2016-09-30,3,32714,11454,252,32139,0.03,0.07597684515195369,0.020491803278688523,-0.705950991831972,0.10371235275936673,-0.6666666666666666,2016
2016-06-30,2,30404,11224,857,29119,0.09,0.04380664652567976,0.09374390956928474,0.6705653021442495,0.037851516555583276,0.7999999999999998,2016
2016-03-31,1,29128,10262,513,28057,0.05,-0.18513959603871763,-0.1002192021043402,0.06431535269709543,-0.18999364859402967,0.0,2016
2015-12-31,4,35746,11405,482,34638,0.05,0.409653758182822,0.3257003370917122,5.10126582278481,0.3881853158063482,4.0,2015
2015-09-30,3,25358,8603,79,24952,0.01,0.09372439076989433,0.07202492211838006,-0.14130434782608695,0.09819110074380528,0.0,2015
2015-06-30,2,23185,8025,92,22721,0.01,0.020601311792930406,0.09601201857416007,-2.6140350877192984,0.0115305849879797,-2.0,2015
2015-03-31,1,22717,7322,-57,22462,-0.01,-0.22541598472449537,-0.15421046551923298,-1.266355140186916,-0.21835960608275046,-1.5,2015
2014-12-31,4,29328,8657,214,28737,0.02,0.425142135186355,0.4544690860215054,-1.4897025171624714,0.36046016190881974,-1.4000000000000001,2014
2014-09-30,3,20579,5952,-437,21123,-0.05,0.0640641158221303,0.001851540144756775,2.4682539682539684,0.09134590545078791,4.0,2014
2014-06-30,2,19340,5941,-126,19355,-0.01,-0.02031305404994681,0.04484699261343651,-2.1666666666666665,-0.012248022454707833,-2.0,2014
2014-03-31,1,19741,5686,108,19595,0.01,-0.22844524349253498,-0.16148060758000296,-0.55,-0.21857553038762162,-0.6666666666666666,2014
2013-12-31,4,25586,6781,240,25076,0.03,0.4969576410016382,0.43482860770207366,-6.853658536585366,0.4649763393117953,-4.0,2013
2013-09-30,3,17092,4726,-41,17117,-0.01,0.08838512480896586,0.05139043381535039,4.857142857142857,0.095488,-2.0,2013
2013-06-30,2,15704,4495,-7,15625,0.009999999999999998,-0.022775357809583074,0.052939798547669246,-1.0853658536585367,-0.01661526842469633,-1.734723475976807e-16,2013
2013-03-31,1,16070,4269,82,15889,0.01,-0.24440473951476396,-0.1679984408497369,-0.16326530612244897,-0.23841250059914681,0.0,2013
2012-12-31,4,21268,5131,98,20863,0.01,0.5404896421845574,0.4714654430742759,-1.3576642335766422,0.508095995373717,-1.3333333333333335,2012
2012-09-30,3,13806,3487,-274,13834,-0.03,0.07573632538569425,0.04213986849970114,-40.142857142857146,0.08698043529504204,-12.999999999999998,2012
2012-06-30,2,12834,3346,7,12727,0.0025000000000000005,-0.026621160409556314,0.059531348955034834,-0.9461538461538461,-0.02047256214884938,-0.75,2012
2012-03-31,1,13185,3158,130,12993,0.01,-0.24358900808903677,-0.12302138294918079,-0.26136363636363635,-0.24331722089569624,-0.5,2012
2011-12-31,4,17431,3601,176,17171,0.02,0.6027031997057741,0.4116032928263426,1.7936507936507937,0.5903491710660369,1.0,2011
2011-09-30,3,10876,2551,63,10797,0.01,0.09714516291738122,0.06825795644891122,-0.6701570680628273,0.1117174629324547,-0.5,2011
2011-06-30,2,9913,2388,191,9712,0.02,0.005681241757126915,0.061805246776345045,-0.04975124378109453,0.018563188253801783,0.0,2011
2011-03-31,1,9857,2249,201,9535,0.02,-0.23866532787518344,-0.14486692015209127,-0.5156626506024097,-0.23554878537641305,-0.6,2011
2010-12-31,4,12947,2630,415,12473,0.05,0.7125661375661375,0.48252536640360766,0.7965367965367965,0.7105046626439934,0.6666666666666669,2010
2010-09-30,3,7560,1774,231,7292,0.03,0.1513859275053305,0.10254816656308266,0.11594202898550725,0.15819567979669633,0.4999999999999999,2010
2010-06-30,2,6566,1609,207,6296,0.02,-0.07923152433038845,-0.012883435582822086,-0.3076923076923077,-0.06545940329523527,-0.3333333333333333,2010
2010-03-31,1,7131,1630,299,6737,0.03,-0.2509453781512605,-0.17551846231664137,-0.22135416666666666,-0.25516860143725817,-0.25000000000000006,2010
2009-12-31,4,9520,1977,384,9045,0.04,0.7471095613874106,0.5530243519245875,0.9296482412060302,0.7400923432089265,1.0,2009
2009-09-30,3,5449,1273,199,5198,0.02,0.1715760051601806,0.1235657546337158,0.4014084507042254,0.15716829919857525,0.0,2009
2009-06-30,2,4651,1133,142,4492,0.02,-0.0486807118020045,-0.013066202090592335,-0.1977401129943503,-0.03293864370290635,0.0,2009
2009-03-31,1,4889,1148,177,4645,0.02,0.0,0.0,0.0,0.0,0.0,2009
