Date,Quarter,Total Revenue,Gross Profit,Net Income,Total Operating Expenses,EPS,Total Revenue Gr,Gross Profit Gr,Net Income Gr,Total Operating Expenses Gr,EPS Gr,Year
2022-03-31,1,12056,11735,2069,9344,2.73,-0.03063439736270805,-0.0337587484561548,0.23228111971411555,-0.07768236106998322,0.23529411764705885,2022
2021-12-31,4,12437,12145,1679,10131,2.21,0.10698709390298175,0.11136530014641288,-0.05832865956253505,0.15321570859419464,-0.02643171806167403,2021
2021-09-30,3,11235,10928,1783,8785,2.27,0.06341694273544723,0.0668749389827199,-0.2072032014228546,0.1521311475409836,-0.18928571428571422,2021
2021-06-30,2,10565,10243,2249,7625,2.8,0.12083598557182262,0.13007502206531332,0.019492293744333637,0.18529457484843775,0.021897810218977957,2021
2021-03-31,1,9426,9064,2206,6433,2.74,-0.03233754234678164,-0.030691904609132712,0.5590106007067138,-0.183940124318153,0.5480225988700566,2021
2020-12-31,4,9741,9351,1415,7883,1.77,0.05868927290511901,0.06856359273225918,0.3476190476190476,0.0058695929564884525,0.36153846153846153,2020
2020-09-30,3,9201,8751,1050,7837,1.3,0.11975173420956553,0.14019543973941367,3.411764705882353,0.03186306780776827,3.4827586206896552,2020
2020-06-30,2,8217,7675,238,7595,0.29,-0.25476147288227824,-0.2555771096023278,-0.2852852852852853,-0.28172876867788915,-0.2926829268292683,2020
2020-03-31,1,11026,10310,333,10574,0.41,-0.09370376458984053,-0.09282886053673559,-0.7995183624322697,0.03870333988212181,-0.7990196078431373,2020
2019-12-31,4,12166,11365,1661,10180,2.04,0.025282319231417494,0.03421603421603422,-0.035983749274521186,0.06041666666666667,-0.019230769230769246,2019
2019-09-30,3,11866,10989,1723,9600,2.08,0.011680450166254583,0.01393245986344344,-0.003470213996529786,0.00946372239747634,0.004830917874396247,2019
2019-06-30,2,11729,10838,1729,9510,2.07,0.04174438227196021,0.04573523736009263,0.13899868247694336,0.022470702075045694,0.14999999999999988,2019
2019-03-31,1,11259,10364,1518,9301,1.8,-0.004333215422709586,-0.010502195913691045,-0.23139240506329115,-0.01857127783053709,-0.2274678111587983,2019
2018-12-31,4,11308,10474,1975,9477,2.33,0.03543631535573665,0.03253154574132492,0.21838371375694016,0.076564807452005,0.23936170212765967,2018
2018-09-30,3,10921,10144,1621,8803,1.88,0.019415663212918884,0.014197160567886422,0.018856065367693273,0.020992809093017862,0.021739130434782507,2018
2018-06-30,2,10713,10002,1591,8622,1.84,0.03617371119063739,0.02922412018933937,-0.005625,0.0442049170400872,-0.01075268817204302,2018
2018-03-31,1,10339,9718,1600,8257,1.86,0.005054923690094294,0.0011332028433089522,-2.316872427983539,-0.027329485216162092,-2.388059701492537,2018
2017-12-31,4,10287,9707,-1215,8489,-1.34,0.04351795496043822,0.04488697524219591,-1.9155990957045967,0.05755574934595739,-1.8874172185430464,2017
2017-09-30,3,9858,9290,1327,8027,1.51,0.017022593624264934,0.01286524204099433,0.00989345509893455,0.037616339193381594,0.02721088435374152,2017
2017-06-30,2,9693,9172,1314,7736,1.47,0.05911276223776224,0.05316339418991847,0.07704918032786885,0.05784219882401204,0.0888888888888888,2017
2017-03-31,1,9152,8709,1220,7313,1.35,-0.2214376860910251,-0.23207829997354731,0.590612777053455,-0.31320435762584525,0.5697674418604652,2017
2016-12-31,4,11755,11341,767,10648,0.86,0.4328376401755241,0.45883714947260096,-0.3102517985611511,0.6460040191683413,-0.2833333333333333,2016
2016-09-30,3,8204,7774,1112,6469,1.2,-0.053857686541344714,-0.0559805707346691,-0.438100050530571,0.14394341290893015,-0.4285714285714286,2016
2016-06-30,2,8671,8235,1979,5655,2.1,0.01855984964172442,0.01817507418397626,0.41965566714490676,-0.10649391689050403,0.44827586206896564,2016
2016-03-31,1,8513,8088,1394,6329,1.45,-0.03162325105221249,-0.036110117983553805,0.5967926689576174,-0.1373858525282813,0.5934065934065933,2016
2015-12-31,4,8791,8391,873,7337,0.91,0.023161080074487896,0.024166971805199562,-0.2925445705024311,0.10264502554854223,-0.2661290322580645,2015
2015-09-30,3,8592,8193,1234,6654,1.24,-0.01218670958841113,-0.01098503138580396,-0.14424410540915394,0.0287569573283859,-0.12676056338028166,2015
2015-06-30,2,8698,8284,1442,6468,1.42,0.04043062200956938,0.0420125786163522,-0.047556142668428,0.07015221707478492,-0.04054054054054058,2015
2015-03-31,1,8360,7950,1514,6044,1.48,-0.11870124393843559,-0.12454575487281136,0.06320224719101124,-0.1676077675251343,0.0571428571428572,2015
2014-12-31,4,9486,9081,1424,7261,1.4,0.08746990714203828,0.09370107190172226,-0.0286493860845839,0.12104369306777829,0.0,2014
2014-09-30,3,8723,8303,1466,6477,1.4,-0.03868194842406877,-0.03800254895145406,-0.03361898483849703,-0.04214729370008873,-0.020979020979020997,2014
2014-06-30,2,9074,8631,1517,6762,1.43,0.0536460752438458,0.05603817447693625,0.05935754189944134,0.055902560899437855,0.07518796992481193,2014
2014-03-31,1,8612,8173,1432,6404,1.33,-0.03301145295306535,-0.031979154329029966,0.1040863531225906,-0.07536817788045047,0.09917355371900835,2014
2013-12-31,4,8906,8443,1297,6926,1.21,0.013773477518497439,0.017106372726177568,-0.042097488921713444,0.02138327680283144,-0.03200000000000003,2013
2013-09-30,3,8785,8301,1354,6781,1.25,0.0054938766166876506,0.006791995148574894,-0.027298850574712645,0.005784633639869475,-0.015748031496063006,2013
2013-06-30,2,8737,8245,1392,6742,1.27,0.04011904761904762,0.04618703210252506,0.09692671394799054,0.038668926205515326,0.10434782608695663,2013
2013-03-31,1,8400,7881,1269,6491,1.15,-0.03281519861830743,-0.031937108463333745,1.0600649350649352,-0.28615418453755637,0.9827586206896551,2013
2012-12-31,4,8685,8141,616,9093,0.58,0.03147268408551069,0.035487153396082424,-0.5072,0.3882442748091603,-0.4678899082568808,2012
2012-09-30,3,8420,7862,1250,6550,1.09,-0.011156782149148562,-0.01293157564344005,-0.05660377358490566,-0.01295961422543701,-0.05217391304347812,2012
2012-06-30,2,8515,7965,1325,6636,1.15,0.04337703712780296,0.0498220640569395,0.06682769726247988,0.038822792736380715,0.07476635514018677,2012
2012-03-31,1,8161,7587,1242,6388,1.07,-0.018756763255981725,-0.02002066649444588,0.08093994778067885,-0.17965840503403108,0.049019607843137296,2012
2011-12-31,4,8317,7742,1149,7787,1.02,0.020991897863982322,0.02258618412362964,-0.05819672131147541,0.2101010101010101,-0.009708737864077678,2011
2011-09-30,3,8146,7571,1220,6435,1.03,-0.005979255643685174,-0.006169598319768968,-0.08339594290007513,0.0007776049766718507,-0.06363636363636369,2011
2011-06-30,2,8195,7618,1331,6430,1.1,0.07489506820566631,0.08348741288579149,0.1308411214953271,0.0913102511880516,0.13402061855670117,2011
2011-03-31,1,7624,7031,1177,5892,0.97,-0.028666072111096955,-0.029403644395361677,0.1494140625,-0.07532956685499058,0.10227272727272724,2011
2010-12-31,4,7849,7244,1024,6372,0.88,0.035078464987471976,0.03886419044887423,-0.05185185185185185,0.07218576476527007,-0.02222222222222224,2010
2010-09-30,3,7583,6973,1080,5943,0.9,0.02265677680377613,0.024687729610580456,0.061946902654867256,0.021134020618556702,0.0714285714285715,2010
2010-06-30,2,7415,6805,1017,5820,0.84,0.0359038837664152,0.037347560975609755,0.14915254237288136,-0.014561462919065358,0.1506849315068493,2010
2010-03-31,1,7158,6560,885,5906,0.73,0.04283216783216783,0.04093938432243732,-0.1382667964946446,0.0005082161612739285,0.19672131147540983,2010
2009-12-31,4,6864,6302,1027,5903,0.61,0.04650099100472633,0.047539893617021274,0.6046875,0.04644566566211664,0.150943396226415,2009
2009-09-30,3,6559,6016,640,5641,0.53,-0.012050007531254707,-0.01247537754432042,5.2745098039215685,-0.09323259926056904,4.888888888888889,2009
2009-06-30,2,6639,6092,102,6221,0.09,0.024378953865144267,0.0280121498481269,-0.7174515235457064,0.04783560720902813,-0.7096774193548387,2009
2009-03-31,1,6481,5926,361,5937,0.31,0.0,0.0,0.0,0.0,0.0,2009
