Date,Quarter,Total Revenue,Gross Profit,Net Income,Total Operating Expenses,EPS,Total Revenue Gr,Gross Profit Gr,Net Income Gr,Total Operating Expenses Gr,EPS Gr,Year
2022-03-31,1,11390,7879,386,10512,0.13,-0.051702605944550825,0.06674790143514758,-2.112391930835735,-0.14557425018288223,-1.5909090909090908,2022
2021-12-31,4,12011,7386,-347,12303,-0.22,0.21741333873910398,0.20903584874774922,-0.7899515738498789,0.06611785095320624,-0.6000000000000001,2021
2021-09-30,3,9866,6109,-1652,11540,-0.55,0.2002433090024331,0.013269198872118096,-4.003636363636364,0.6269561539546031,-3.619047619047619,2021
2021-06-30,2,8220,6029,550,7093,0.21,0.12295081967213115,0.10502199413489736,-0.6476617552850736,0.30746543778801844,-0.65,2021
2021-03-31,1,7320,5456,1561,5425,0.6,-0.012145748987854251,-0.07289719626168224,0.5424901185770751,-0.084079014013169,0.5384615384615383,2021
2020-12-31,4,7410,5885,1012,5923,0.39,0.12648221343873517,0.12999231950844853,0.5617283950617284,0.09543184760495654,0.56,2020
2020-09-30,3,6578,5208,648,5407,0.25,0.04828685258964143,-0.015687015687015686,-0.14285714285714285,0.08335003005409737,-0.13793103448275856,2020
2020-06-30,2,6275,5291,756,4991,0.29,-0.012433112999685237,0.07235508715038508,-0.03076923076923077,-0.02785352551616673,-0.03333333333333337,2020
2020-03-31,1,6354,4934,780,5134,0.3,-0.04651860744297719,-0.06659099508134696,1.4920127795527156,-0.1565631674059471,1.5,2020
2019-12-31,4,6664,5286,313,6087,0.12,0.04027474242897284,0.0456973293768546,0.046822742474916385,0.07753584705257567,0.0,2019
2019-09-30,3,6406,5055,299,5649,0.12,0.1001202129486519,0.06197478991596639,1.3,0.05984990619136961,1.3999999999999997,2019
2019-06-30,2,5823,4760,130,5330,0.05,0.06046257512292843,0.09124254928931683,-0.7807757166947723,0.21301775147928995,-0.7916666666666667,2019
2019-03-31,1,5491,4362,593,4394,0.24,-0.1443041919900265,-0.08744769874476988,-0.42649903288201163,-0.17715355805243446,-0.4146341463414634,2019
2018-12-31,4,6417,4780,1034,5340,0.41,0.20168539325842696,0.14162885120611415,1.3990719257540603,0.18957451548229004,1.4117647058823526,2018
2018-09-30,3,5340,4187,431,4489,0.17,0.03588748787584869,0.010620323437122858,0.23142857142857143,0.0220856102003643,0.21428571428571425,2018
2018-06-30,2,5155,4143,350,4392,0.14,-0.004441869447663191,0.024480712166172106,0.029411764705882353,-0.020080321285140562,0.0,2018
2018-03-31,1,5178,4044,340,4482,0.14,-0.10368703479314523,-0.11159929701230228,-0.7386625672559569,-0.11962286387743076,-0.7254901960784313,2018
2017-12-31,4,5777,4552,1301,5091,0.51,-0.07301026957637997,-0.08649407987156331,0.8965014577259475,0.0015738736966358449,0.8888888888888888,2017
2017-09-30,3,6232,4983,686,5083,0.27,0.2338150861215601,0.2150694952450622,0.4381551362683438,0.23194377120698012,0.42105263157894746,2017
2017-06-30,2,5051,4101,477,4126,0.19,-0.06549491211840888,-0.090888938151186,-0.11173184357541899,-0.08065953654188948,-0.09523809523809519,2017
2017-03-31,1,5405,4511,537,4488,0.21,-0.03222918531781558,0.01943502824858757,-0.7084690553745928,0.4705111402359109,-0.7123287671232877,2017
2016-12-31,4,5585,4425,1842,3052,0.73,-0.020003509387611862,-0.07793290268806001,0.8165680473372781,-0.3466067223292657,0.8249999999999998,2016
2016-09-30,3,5699,4799,1014,4671,0.4,0.01713367838657862,0.056815679365778464,-339.0,-0.11867924528301886,-0.06432748538011689,2016
2016-06-30,2,5603,4541,-3,5300,0.4275,-0.08372853638593622,-0.11152416356877323,-1.0046439628482973,0.04392357691550128,0.6442307692307692,2016
2016-03-31,1,6115,5111,646,5077,0.26,-0.04438193467729333,-0.003703703703703704,-0.2004950495049505,-0.044059499152701936,-0.1875,2016
2015-12-31,4,6399,5130,808,5311,0.32,0.07636669470142977,0.04608482871125612,0.04935064935064935,0.11225130890052357,0.06666666666666674,2015
2015-09-30,3,5945,4904,770,4775,0.3,-0.0573965435230696,-0.06412213740458016,0.10473457675753228,-0.11311292719167905,0.07142857142857129,2015
2015-06-30,2,6307,5240,697,5384,0.28,0.04127455836222552,0.09440267335004177,0.2672727272727273,0.0507416081186573,0.2727272727272728,2015
2015-03-31,1,6057,4788,550,5124,0.22,-0.09812388326384752,-0.05169340463458111,-2.7133956386292835,-0.27473460721868365,-2.692307692307692,2015
2014-12-31,4,6716,5049,-321,7065,-0.13,0.016190043879558177,-0.027916827108201772,-2.263779527559055,0.1643045484508899,-2.3,2014
2014-09-30,3,6609,5194,254,6068,0.1,-0.022626441881100266,-0.04784601283226398,-0.6809045226130653,0.07341234742614541,-0.6875,2014
2014-06-30,2,6762,5455,796,5653,0.32,0.04674922600619195,0.08947473537048133,0.5793650793650794,0.005156472261735419,0.6,2014
2014-03-31,1,6460,5007,504,5624,0.2,-0.0690301196137772,-0.0894708128750682,-1.9618320610687023,-0.25312084993359896,-1.9523809523809526,2014
2013-12-31,4,6939,5499,-524,7530,-0.21,0.11024,0.09716679968076616,-1.420545746388443,0.6571302816901409,-1.42,2013
2013-09-30,3,6250,5012,1246,4544,0.5,0.002888318356867779,0.019735503560528993,0.5139732685297691,-0.09697933227344992,0.515151515151515,2013
2013-06-30,2,6232,4915,823,5032,0.33,-0.023962411902897416,-0.03985153350263723,-0.18595450049455983,0.008821170809943865,-0.19512195121951212,2013
2013-03-31,1,6385,5119,1011,4988,0.41,-0.1231804449327108,-0.13001359619306593,-0.3291307232913072,-0.062053403535163594,-0.3278688524590164,2013
2012-12-31,4,7282,5884,1507,5318,0.61,0.08979347500748279,0.08801775147928995,-0.0026472534745201853,0.17498895271763146,0.016666666666666684,2012
2012-09-30,3,6682,5408,1511,4526,0.6,0.003303303303303303,0.017689123071132858,-0.05385097056981841,-0.05550918196994992,-0.04761904761904766,2012
2012-06-30,2,6660,5314,1597,4792,0.63,-0.09375425227922166,-0.11047874121191831,-0.01723076923076923,-0.07650799768741569,-0.015625000000000014,2012
2012-03-31,1,7349,5974,1625,5189,0.64,-0.1509935304990758,-0.1519023282226008,0.0884125920964501,-0.2003390352904916,0.10344827586206906,2012
2011-12-31,4,8656,7044,1493,6489,0.58,0.053938877389504446,0.06404833836858007,-0.5706068449813058,0.642369020501139,-0.5433070866141733,2011
2011-09-30,3,8213,6620,3477,3951,1.27,-0.025741399762752075,-0.04720782959124928,0.645527685754851,-0.27703568161024705,0.6493506493506493,2011
2011-06-30,2,8430,6948,2113,5465,0.77,0.016642547033285094,-0.0007191140514885661,-0.2731338149294806,0.1173584134123901,-0.25961538461538464,2011
2011-03-31,1,8292,6953,2907,4891,1.04,-0.03771614250899385,0.013852435112277631,0.78125,-0.15497581202487906,0.8245614035087722,2011
2010-12-31,4,8617,6858,1632,5788,0.57,0.09103570524183338,0.07593347976153123,0.05019305019305019,0.053896576839038604,0.05555555555555539,2010
2010-09-30,3,7898,6374,1554,5492,0.54,-0.03423820004891171,-0.05233422539399346,-0.2655954631379962,0.03427495291902072,-0.26027397260273966,2010
2010-06-30,2,8178,6726,2116,5310,0.73,-0.04640858208955224,-0.028315515746893963,-0.23802664746128915,0.024108003857280617,-0.23958333333333331,2010
2010-03-31,1,8576,6922,2777,5185,0.96,-0.0412520961430967,-0.049175824175824175,0.7778489116517285,-0.1332330324306252,0.7777777777777776,2010
2009-12-31,4,8945,7280,1562,5982,0.54,0.09085365853658536,0.04944500504540868,-0.2614657210401891,0.18338278931750743,-0.26027397260273966,2009
2009-09-30,3,8200,6937,2115,5055,0.73,0.03040965066599648,0.06821681552202033,0.2390158172231986,-0.06751521859435529,0.23728813559322037,2009
2009-06-30,2,7958,6494,1707,5421,0.59,0.033372289313076224,0.027856916745805635,-0.20382462686567165,0.12866958151155528,-0.20270270270270274,2009
2009-03-31,1,7701,6318,2144,4803,0.74,0.0,0.0,0.0,0.0,0.0,2009
