Date,Quarter,Total Revenue,Gross Profit,Net Income,Total Operating Expenses,EPS,Total Revenue Gr,Gross Profit Gr,Net Income Gr,Total Operating Expenses Gr,EPS Gr,Year
2022-12-31,4,19980,1864,-634,20333,-1.07,0.25219353221358737,-3.287116564417178,-0.806412213740458,0.08413756331644895,-0.8051001821493624,2022
2022-09-30,3,15956,-815,-3275,18755,-5.49,-0.04346262214495534,-1.3829887218045114,-17.968911917098445,0.1790406739171434,-18.15625,2022
2022-06-30,2,16681,2128,193,15907,0.32,0.19226645700807662,5.028328611898017,-1.158326497128794,0.04927440633245383,-1.1553398058252426,2022
2022-03-31,1,13991,353,-1219,15160,-2.06,-0.054214831339146896,-1.1408057439170323,-0.7057687665942554,-0.2005905927019616,-0.7073863636363636,2022
2021-12-31,4,14793,-2507,-4143,18964,-7.04,-0.031744992800104725,-2.4584060500290867,37.00917431192661,0.26857983811626196,36.05263157894736,2021
2021-09-30,3,15278,1719,-109,14949,-0.19,-0.10118837510295328,-0.28937577511368334,-1.1856899488926746,-0.06422535211267606,-1.19,2021
2021-06-30,2,16998,2419,587,15975,1.0,0.11704015246106328,0.7059238363892807,-2.0931098696461823,0.04411764705882353,-2.0869565217391304,2021
2021-03-31,1,15217,1418,-537,15300,-0.92,-0.005684788290642969,-1.2497358224727018,-0.9362232779097387,-0.3448379223226138,-0.9377537212449256,2021
2020-12-31,4,15304,-5678,-8420,23353,-14.78,0.08239620906711932,-6.438697318007663,17.752783964365257,0.606121045392022,17.708860759493668,2020
2020-09-30,3,14139,1044,-449,14540,-0.79,0.19750995172355382,-1.9,-0.811026936026936,-0.015638751607880304,-0.8119047619047619,2020
2020-06-30,2,11807,-1160,-2376,14771,-4.2,-0.30169150697894487,-8.631578947368421,2.78343949044586,-0.1911176824927441,2.7837837837837833,2020
2020-03-31,1,16908,152,-628,18261,-1.11,-0.05599910669421026,-1.1938775510204083,-0.37636544190665344,-0.09217002237136465,-0.35087719298245607,2020
2019-12-31,4,17911,-784,-1007,20115,-1.71,-0.10355355355355356,-1.2557911908646002,-1.8636363636363635,0.07446183430372309,-1.8341463414634147,2019
2019-09-30,3,19980,3065,1166,18721,2.05,0.2684908894673354,-2.500244738130201,-1.3963290278721958,-0.021431184987716272,-1.3934740882917467,2019
2019-06-30,2,15751,-2043,-2942,19131,-5.21,-0.3126936335471484,-1.4762237762237762,-2.3702841173730786,-0.06982058637623377,-2.3893333333333335,2019
2019-03-31,1,22917,4290,2147,20567,3.75,-0.1913835079919551,-0.3156803317913543,-0.3725891291642314,-0.14892824629644955,-0.364406779661017,2019
2018-12-31,4,28341,6269,3422,24166,5.9,0.12705798138869004,0.5201260911736179,0.44938585345192716,0.054409005628517824,0.44963144963144963,2018
2018-09-30,3,25146,4124,2361,22919,4.07,0.036606480336383876,-0.1297742139691918,0.07513661202185792,0.06362539446816409,0.0911528150134049,2018
2018-06-30,2,24258,4739,2196,21548,3.73,0.037464716448550164,0.036073458679492784,-0.11236863379143087,0.050763154044960256,-0.10120481927710852,2018
2018-03-31,1,23382,4574,2474,20507,4.15,-0.05603552684699233,-0.06767223807582552,-0.2543701024713683,-0.05896659324522761,-0.23853211009174308,2018
2017-12-31,4,24770,4906,3318,21792,5.45,0.02258184370226644,0.1425244527247322,0.8351769911504425,0.009215949613300608,0.8227424749163879,2017
2017-09-30,3,24223,4294,1808,21593,2.99,0.05084378118085983,-0.015589179275561669,0.033733562035448826,0.0522391696311096,0.04181184668989551,2017
2017-06-30,2,23051,4362,1749,20521,2.87,0.04963344110013205,0.11817482696744425,0.10906785034876347,0.038774993672487976,0.1299212598425197,2017
2017-03-31,1,21961,3901,1577,19755,2.54,-0.011255684120480842,-0.13770999115826701,-0.1100451467268623,0.021722265321955005,-0.08303249097472923,2017
2016-12-31,4,22211,4524,1772,19335,2.77,-0.0705916813122437,0.12874251497005987,-0.22144112478031636,-0.10552368615840119,-0.23055555555555557,2016
2016-09-30,3,23898,4008,2276,21616,3.6,-0.03461926883457887,0.6385936222403925,-10.726495726495726,-0.1413362993564789,-10.72972972972973,2016
2016-06-30,2,24755,2446,-234,25174,-0.37,0.09380523153057617,-0.3111799493100535,-1.19227608874281,0.20773364037612743,-1.2021857923497268,2016
2016-03-31,1,22632,3551,1217,20844,1.83,-0.03991855088448649,0.2053632043448744,0.18500486854917234,-0.06996252007852936,0.21192052980132453,2016
2015-12-31,4,23573,2946,1027,22412,1.51,-0.08804982784633834,-0.3092614302461899,-0.39623750734861846,-0.03683011732347759,-0.3886639676113361,2015
2015-09-30,3,25849,4265,1701,23269,2.47,0.053212728680275434,0.32866043613707163,0.5324324324324324,0.0178915135608049,0.5534591194968554,2015
2015-06-30,2,24543,3210,1110,22860,1.59,0.10808614384396587,-0.12510220768601799,-0.1679160419790105,0.13561847988077497,-0.14973262032085563,2015
2015-03-31,1,22149,3669,1334,20130,1.87,-0.09477685139774399,-0.027564272462231646,-0.089419795221843,-0.10306108808982756,-0.06499999999999995,2015
2014-12-31,4,24468,3773,1465,22443,2.0,0.02875882946518668,0.012342366514623022,0.07720588235294118,0.03591045465035772,0.07526881720430102,2014
2014-09-30,3,23784,3727,1360,21665,1.86,0.07888410070310728,0.09876179245283019,-0.17675544794188863,0.06945404284727022,-0.16964285714285718,2014
2014-06-30,2,22045,3392,1652,20258,2.24,0.07720498411922795,0.06432381550047066,0.715472481827622,0.07054906727263119,0.7500000000000001,2014
2014-03-31,1,20465,3187,963,18923,1.28,-0.13958377128442295,-0.06731050629206907,-0.21834415584415584,-0.15029187247418052,-0.20000000000000004,2014
2013-12-31,4,23785,3417,1232,22270,1.6,0.07478535924084953,-0.016407599309153715,0.0657439446366782,0.09558715009593152,0.05960264900662257,2013
2013-09-30,3,22130,3474,1156,20327,1.51,0.01443960577584231,0.026899201891812,0.06347746090156393,0.01134384795263446,0.0709219858156029,2013
2013-06-30,2,21815,3383,1087,20099,1.41,0.15466045625363892,0.07192648922686945,-0.014505893019038985,0.15744313273826663,-0.020833333333333353,2013
2013-03-31,1,18893,3156,1103,17365,1.44,-0.15285624607658507,-0.03780487804878049,0.11979695431472082,-0.16021858980559048,0.13385826771653536,2013
2012-12-31,4,22302,3280,985,20678,1.27,0.11465413834466213,0.013597033374536464,-0.042759961127308066,0.12081955661553472,-0.05925925925925931,2012
2012-09-30,3,20008,3236,1029,18449,1.35,0.00014996250937265683,-0.014616321559074299,0.06521739130434782,-0.0007582733033634837,0.06299212598425202,2012
2012-06-30,2,20005,3284,966,18463,1.27,0.03208997575194758,-0.017354877318970677,0.05,0.03619934897294871,0.04098360655737709,2012
2012-03-31,1,19383,3342,920,17818,1.22,-0.00879570442342112,0.004206730769230769,-0.3352601156069364,-0.009010011123470522,-0.34054054054054056,2012
2011-12-31,4,19555,3328,1384,17980,1.85,0.10311953517233599,-0.02175191064079953,0.2604735883424408,0.12283769437332168,0.26712328767123295,2011
2011-09-30,3,17727,3402,1098,16013,1.46,0.07157105724475608,0.008896797153024912,0.16684378320935175,0.0668931974148844,0.16799999999999998,2011
2011-06-30,2,16543,3372,941,15009,1.25,0.10952380952380952,0.16516931582584657,0.60580204778157,0.0790079079798706,0.6025641025641025,2011
2011-03-31,1,14910,2894,586,13910,0.78,-0.09909365558912386,-0.08792940434919634,-0.49264069264069266,-0.09950152133100279,-0.5031847133757962,2011
2010-12-31,4,16550,3173,1155,15447,1.57,-0.024577120292332173,-0.027581979773214832,0.37992831541218636,-0.00853658536585366,0.4017857142857142,2010
2010-09-30,3,16967,3263,837,15580,1.12,0.08951390226674372,0.06148340923877684,0.06353240152477764,0.09210710780877611,0.05660377358490571,2010
2010-06-30,2,15573,3074,787,14266,1.06,0.023462145110410094,-0.012528107934468359,0.5163776493256262,0.015952143569292122,0.5142857142857145,2010
2010-03-31,1,15216,3113,519,14042,0.7,-0.1516976082957016,-0.10339861751152074,-0.5906940063091483,-0.13555774439793156,-0.6111111111111112,2010
2009-12-31,4,17937,3472,1268,16244,1.8,0.07484419942473634,0.5431111111111111,-1.8107416879795397,-0.13774616487074687,-1.8071748878923768,2009
2009-09-30,3,16688,2250,-1564,18839,-2.23,-0.027165675644164625,-0.336283185840708,-2.567134268537074,0.205696,-2.581560283687943,2009
2009-06-30,2,17154,3390,998,15625,1.41,0.039510362380317535,0.20898716119828817,0.6360655737704918,0.00956257672675583,0.6395348837209301,2009
2009-03-31,1,16502,2804,610,15477,0.86,0.0,0.0,0.0,0.0,0.0,2009
