Date,Quarter,Total Revenue,Gross Profit,Net Income,Total Operating Expenses,EPS,Total Revenue Gr,Gross Profit Gr,Net Income Gr,Total Operating Expenses Gr,EPS Gr,Year
2022-03-31,1,21466,19186,4306,16200,2.02,0.12824555870913487,0.0907953834783103,0.9292114695340502,0.07455558503581852,0.32894736842105265,2022
2021-12-31,4,19026,17589,2232,15076,1.52,-0.019581572709471296,0.025358516963973416,-0.5193798449612403,0.11311281748375665,-0.29302325581395344,2021
2021-09-30,3,19406,17154,4644,13544,2.15,-0.016820346539669673,-0.0183129220556255,-0.21818181818181817,0.09313962873284908,-0.24561403508771934,2021
2021-06-30,2,19738,17474,5940,12390,2.85,-0.09020511638626412,-0.11150658463415875,-0.2520775623268698,0.08817846478131038,-0.212707182320442,2021
2021-03-31,1,21695,19667,7942,11386,3.62,0.13806850967843468,0.11100440628177607,1.3400117855038303,-0.16414623403318163,0.8854166666666667,2021
2020-12-31,4,19063,17702,3394,13622,1.92,-0.05267604233961139,0.02311871459946827,0.07883026064844247,-0.15752365637949162,0.4117647058823528,2020
2020-09-30,3,20123,17302,3146,16169,1.36,-0.13542427497314716,-0.12465850450268137,2.9178082191780823,-0.2705494902102319,2.5789473684210527,2020
2020-06-30,2,23275,19766,803,22166,0.38,-0.11763590871180529,-0.04654864695383725,-0.6833596214511041,-0.0466236559139785,-0.6415094339622641,2020
2020-03-31,1,26378,20731,2536,23250,1.06,0.05825242718446602,0.0820502113889034,-0.4257246376811594,0.20942571785268416,-0.5069767441860464,2020
2019-12-31,4,24926,19159,4416,19224,2.15,-0.04534661049406358,0.03149563906536018,-0.10116018725829432,-0.043010752688172046,0.03864734299516912,2019
2019-09-30,3,26110,18574,4913,20088,2.07,-0.01546003016591252,-0.009809148096812027,0.10330114529530654,-0.013117170228445099,0.06153846153846148,2019
2019-06-30,2,26520,18758,4453,20355,1.95,0.02421503881357896,0.00979758828596038,0.014581909318751423,0.02384185906141542,0.04278074866310152,2019
2019-03-31,1,25893,18576,4389,19881,1.87,0.07990991366726446,0.08479327259985985,0.3275862068965517,0.0648063842322318,0.14024390243902451,2019
2018-12-31,4,23977,17124,3306,18671,1.64,-0.0315062406592075,-0.0687911251291533,-0.28472522717438337,0.0009649922264515091,-0.05202312138728328,2018
2018-09-30,3,24757,18389,4622,18653,1.73,0.016547589718321425,-0.004331582652011478,0.12102837739510065,0.013254386441414525,0.0613496932515338,2018
2018-06-30,2,24354,18469,4123,18409,1.63,0.013398801597869507,-0.0213543874523103,-0.10757575757575757,0.026028313454464384,-0.029761904761904788,2018
2018-03-31,1,24032,18872,4620,17942,1.68,0.09033165464361871,0.07815356489945155,-1.2375321336760925,0.059024908511391805,-1.2346368715083798,2018
2017-12-31,4,22041,17504,-19450,16942,-7.16,-0.033204667076059305,-0.04967696400456051,-6.107668067226891,0.008752604941947009,-6.042253521126761,2017
2017-09-30,3,22798,18419,3808,16795,1.42,0.027353431571357757,0.014541448636739191,0.0867579908675799,0.017077454127051413,0.10937499999999992,2017
2017-06-30,2,22191,18155,3504,16513,1.28,0.011809228524530367,-0.011488620276598062,-0.1432762836185819,0.03523290075857313,-0.13513513513513511,2017
2017-03-31,1,21932,18366,4090,15951,1.48,0.03394305110314916,0.024088323854131816,0.27652933832709115,-0.009992552135054617,0.2982456140350878,2017
2016-12-31,4,21212,17934,3204,16112,1.14,0.013279831852488775,0.009797297297297298,-0.10050533408197641,0.052109181141439205,-0.08064516129032265,2016
2016-09-30,3,20934,17760,3562,15314,1.24,0.012870137410489646,0.012081148848871666,-0.01683687551752691,0.027923211169284468,0.0,2016
2016-06-30,2,20668,17548,3623,14898,1.24,0.0084410831910222,-0.0003987467957846767,0.11442633035988926,-0.0393345370131545,0.12727272727272718,2016
2016-03-31,1,20495,17555,3251,15508,1.1,-0.040361473989792576,-0.048818812310359776,0.09608900876601484,-0.06290410296694664,0.06796116504854374,2016
2015-12-31,4,21357,18456,2966,16549,1.03,-0.01275828595201775,-0.01262572223411085,-0.2696380201920709,0.07141007380551599,-0.23703703703703707,2015
2015-09-30,3,21633,18692,4061,15446,1.35,-0.03942986545890502,-0.03995891114535182,-0.11331877729257642,-0.011582517437767966,-0.1059602649006622,2015
2015-06-30,2,22521,19470,4580,15627,1.51,-0.010674749604638904,-0.013477908390758006,-0.013356311934510987,-0.012636633600808744,0.0,2015
2015-03-31,1,22764,19736,4642,15827,1.51,0.08101434134295754,0.10263143192357115,61.729729729729726,-0.19241759363200325,24.166666666666668,2015
2014-12-31,4,21058,17899,74,19598,0.06,-0.0849917441557313,-0.09091370816191782,-0.972723921857722,0.08696616749861343,-0.9318181818181819,2014
2014-09-30,3,23014,19689,2713,18030,0.88,-0.0011284722222222221,0.013590733590733591,32.49382716049383,-0.13591488545959934,28.333333333333332,2014
2014-06-30,2,23040,19425,81,20866,0.03,-0.03181073244526621,-0.038651885578541025,-0.9787958115183246,0.17793835384441684,-0.975609756097561,2014
2014-03-31,1,23797,20206,3820,17714,1.23,0.09055496998304385,0.11734129617341296,0.6111345423871785,-0.021380034252251257,0.5974025974025974,2014
2013-12-31,4,21821,18084,2371,18101,0.77,-0.0016013909224011713,0.010053619302949061,-0.23933269169072827,0.029050596930073905,-0.22999999999999998,2013
2013-09-30,3,21856,17904,3117,17590,1.0,-0.11320295382617869,-0.1261226083561109,-0.25305535585909417,-0.0404233266052043,-0.25373134328358216,2013
2013-06-30,2,24646,20488,4173,18331,1.34,0.0027667019285539914,0.011853022520742789,0.09700315457413249,-0.03910468102951198,0.08943089430894317,2013
2013-03-31,1,24578,20248,3804,19077,1.23,0.09983442967736161,0.1443427150446479,2.2047177759056447,-0.10344017294858539,2.1538461538461537,2013
2012-12-31,4,22347,17694,1187,21278,0.39,0.19317635752042286,0.2912500912209005,1.5581896551724137,0.07802208937075691,1.6,2012
2012-09-30,3,18729,13703,464,19738,0.15,-0.21074589127686472,-0.2547452004133355,-0.8420156622403814,-0.014725702590725304,-0.8421052631578947,2012
2012-06-30,2,23730,18387,2937,20033,0.95,-0.05064810369659146,-0.05250953313408224,0.0034164673727365906,-0.04276567278287462,0.0,2012
2012-03-31,1,24996,19406,2927,20928,0.95,0.14455790100279317,0.2014611193660228,2.0908130939809926,0.01336432306798373,1.9687499999999996,2012
2011-12-31,4,21839,16152,947,20652,0.32,-0.1869927779018688,-0.22461715712159763,-0.7486063180249536,-0.05448219027561579,-0.7398373983739837,2011
2011-09-30,3,26862,20831,3767,21842,1.23,-0.007317073170731708,0.010134807487149646,0.13055222088835533,-0.04037608189446861,0.12844036697247696,2011
2011-06-30,2,27060,20622,3332,22761,1.09,0.04969160944955196,0.0454222853087296,0.11252086811352253,0.05555813198534527,0.1010101010101011,2011
2011-03-31,1,25779,19726,2995,21563,0.99,0.049462628236443575,0.0737575526645256,1.3038461538461539,-0.08258168822328114,1.3571428571428574,2011
2010-12-31,4,24564,18371,1300,23504,0.42,-0.08755246833327142,-0.11413829684636899,-0.4003690036900369,-0.004995343324019981,-0.4166666666666667,2010
2010-09-30,3,26921,20738,2168,23622,0.72,-0.05540350877192982,-0.060395994744234516,-0.19614386355209493,-0.05360576923076923,-0.20000000000000004,2010
2010-06-30,2,28500,22071,2697,24960,0.9,-0.10128657921291624,-0.13178081114039575,-0.39092140921409213,-0.05551140878646838,-0.39999999999999997,2010
2010-03-31,1,31712,25421,4428,26427,1.5,1.6147757255936674,3.703237742830712,-3.6404293381037567,-0.030379746835443037,-1.1787842669845054,2010
2009-12-31,4,12128,5405,-1677,27255,-8.39,-0.5519763575914296,-0.7349190779794017,-0.48272671190623073,-0.0136792964933232,2.1074074074074076,2009
2009-09-30,3,27070,20390,-3242,27633,-2.7,-0.2646219879927196,-0.31963028462744836,-1.757653657396588,-0.12412437795175758,-1.5510204081632653,2009
2009-06-30,2,36811,29969,4279,31549,4.9,0.14398035925166264,0.22217690958770034,-5.429606625258799,0.06361674870204302,-3.7222222222222223,2009
2009-03-31,1,32178,24521,-966,29662,-1.8,0.0,0.0,0.0,0.0,0.0,2009
