Date,Quarter,Total Revenue,Gross Profit,Net Income,Total Operating Expenses,EPS,Total Revenue Gr,Gross Profit Gr,Net Income Gr,Total Operating Expenses Gr,EPS Gr,Year
2023-01-31,1,12652,4718,1959,10159,6.55,-0.18563336766220392,-0.11349116873355881,-0.12778272484416742,-0.19698047585171133,-0.11366711772665763,2023
2022-10-31,4,15536,5322,2246,12651,7.39,0.10168770387179124,0.1592245698104988,0.1921443736730361,0.09409322840093401,0.1996753246753246,2022
2022-07-31,3,14102,4591,1884,11563,6.16,0.05474943904263276,0.031221922731356693,-0.10200190657769304,0.06886670364207802,-0.09544787077826718,2022
2022-04-30,2,13370,4452,2098,10818,6.81,0.3972201901975128,0.5490605427974948,1.3233665559246954,0.2851033499643621,1.3321917808219177,2022
2022-01-31,1,9569,2874,903,8418,2.92,-0.15520437891763045,-0.18305855599772597,-0.2956318252730109,-0.13350488934637159,-0.29126213592233013,2022
2021-10-31,4,11327,3518,1282,9715,4.12,-0.01735056823110957,-0.11004300531242095,-0.23095380923815237,0.03604564359603284,-0.2255639097744361,2021
2021-07-31,3,11527,3953,1667,9377,5.32,-0.04403715375684193,-0.04285714285714286,-0.06871508379888268,-0.03786168684588549,-0.06338028169014075,2021
2021-04-30,2,12058,4130,1790,9746,5.68,0.3233099209833187,0.24886604172966434,0.4624183006535948,0.28507383966244726,0.4677002583979327,2021
2021-01-31,1,9112,3307,1224,7584,3.87,-0.06361113965676703,0.01441717791411043,0.6169088507265522,-0.11967498549042369,0.6260504201680673,2021
2020-10-31,4,9731,3260,757,8615,2.38,0.09030812324929972,0.05501618122977346,-0.06658446362515413,0.12540822991508818,-0.07392996108949415,2020
2020-07-31,3,8925,3090,811,7655,2.57,-0.03544796282286826,0.04427171341669483,0.21771771771771772,-0.08048048048048048,0.21800947867298578,2020
2020-04-30,2,9253,2959,666,8325,2.11,0.21255405582492465,0.15857478465152702,0.28820116054158607,0.1788445199660153,0.294478527607362,2020
2020-01-31,1,7631,2554,517,7062,1.63,-0.22888035569927243,-0.1920278392913635,-0.2829403606102635,-0.2214750303163929,-0.2850877192982456,2020
2019-10-31,4,9896,3161,721,9071,2.28,-0.013949780789159028,-0.0015792798483891346,-0.19799777530589543,0.016586349882326573,-0.1886120996441282,2019
2019-07-31,3,10036,3166,899,8923,2.81,-0.11514724034561806,-0.11736827432394759,-0.20792951541850221,-0.0958557097983585,-0.20170454545454544,2019
2019-04-30,2,11342,3587,1135,9869,3.52,0.4205911823647295,0.40556426332288403,1.2791164658634537,0.3506226905706856,1.2857142857142856,2019
2019-01-31,1,7984,2552,498,7307,1.54,-0.15217160454497186,-0.15914332784184515,-0.36560509554140125,-0.13393386274742208,-0.37142857142857144,2019
2018-10-31,4,9417,3035,785,8437,2.45,-0.08643771827706635,-0.03833967046894803,-0.13736263736263737,-0.07468743145426629,-0.1187050359712229,2018
2018-07-31,3,10308,3156,910,9118,2.78,-0.038432835820895524,-0.06820194862710363,-0.24668874172185432,-0.023350471293916025,-0.24250681198910085,2018
2018-04-30,2,10720,3387,1208,9336,3.67,0.5504772924501012,0.533272974196469,-3.257943925233645,0.4596622889305816,-3.2108433734939763,2018
2018-01-31,1,6914,2209,-535,6396,-1.66,-0.1376901970566226,-0.153639846743295,-2.049019607843137,-0.11791477037649979,-2.044025157232704,2018
2017-10-31,4,8018,2610,510,7251,1.59,0.026895491803278687,0.01992966002344666,-0.205607476635514,0.04813529921942758,-0.19289340101522837,2017
2017-07-31,3,7808,2559,642,6918,1.97,-0.057801375648606254,-0.1049317943336831,-0.20544554455445543,-0.028097780275358246,-0.21200000000000002,2017
2017-04-30,2,8287,2859,808,7118,2.5,0.47324444444444447,0.5504338394793926,3.0603015075376883,0.3437794978289598,3.032258064516129,2017
2017-01-31,1,5625,1844,199,5297,0.62,-0.13726993865030676,-0.1576062128825948,-0.3041958041958042,-0.1294987674609696,-0.3111111111111111,2017
2016-10-31,4,6520,2189,286,6085,0.9,-0.030339083878643664,-0.018385650224215247,-0.41513292433537835,0.010965276624023924,-0.41935483870967744,2016
2016-07-31,3,6724,2230,489,6019,1.55,-0.14615873015873015,-0.04863481228668942,-0.012121212121212121,-0.15723886866423972,-0.006410256410256416,2016
2016-04-30,2,7875,2344,495,7142,1.56,0.4253393665158371,0.3919239904988123,0.9488188976377953,0.38063019524453895,0.95,2016
2016-01-31,1,5525,1684,254,5173,0.8,-0.17721518987341772,-0.1765281173594132,-0.2784090909090909,-0.17337807606263983,-0.26605504587155965,2016
2015-10-31,4,6715,2045,352,6258,1.09,-0.11574927574400842,-0.08542039355992845,-0.3111545988258317,-0.08708971553610503,-0.2875816993464052,2015
2015-07-31,3,7594,2236,511,6855,1.53,-0.07061559172683882,-0.09729511505853855,-0.2594202898550725,-0.04179480011182555,-0.24630541871921174,2015
2015-04-30,2,8171,2477,690,7154,2.03,0.2801190662697791,0.2618441161487519,0.7829457364341085,0.23005502063273728,0.8124999999999997,2015
2015-01-31,1,6383,1963,387,5816,1.12,-0.2880089235917457,-0.31555090655509066,-0.4046153846153846,-0.26267748478701824,-0.3913043478260869,2015
2014-10-31,4,8965,2868,650,7888,1.84,-0.05631578947368421,-0.007268951194184839,-0.23529411764705882,-0.03898635477582846,-0.21030042918454936,2014
2014-07-31,3,9500,2889,850,8208,2.33,-0.04503417772416566,-0.06079323797139142,-0.1326530612244898,-0.03253182461103253,-0.12075471698113202,2014
2014-04-30,2,9948,3076,980,8484,2.65,0.2997125685915861,0.2509150061000407,0.4390602055800294,0.2683510240693676,0.4640883977900552,2014
2014-01-31,1,7654,2459,681,6689,1.81,-0.1901386096709343,-0.21135343168697884,-0.15717821782178218,-0.18486473312210577,-0.14622641509433965,2014
2013-10-31,4,9451,3118,808,8206,2.12,-0.05584415584415584,-0.017023959646910468,-0.18875502008032127,-0.030138281527006264,-0.17187499999999997,2013
2013-07-31,3,10010,3172,996,8461,2.56,-0.08282939343961884,-0.07548819586126494,-0.08118081180811808,-0.07731733914940021,-0.07246376811594193,2013
2013-04-30,2,10914,3431,1084,9170,2.76,0.47069128149845035,0.42542584129621935,0.6676923076923077,0.41621621621621624,0.6727272727272727,2013
2013-01-31,1,7421,2407,650,6475,1.65,-0.24213643790849673,-0.1840677966101695,-0.055232558139534885,-0.25308570769408234,-0.05172413793103453,2013
2012-10-31,4,9792,2950,688,8669,1.74,0.021063607924921793,0.040931545518701484,-0.12690355329949238,0.034980897803247375,-0.12121212121212122,2012
2012-07-31,3,9590,2834,788,8376,1.98,-0.041862323908482366,-0.10712035286704474,-0.2537878787878788,-0.0042796005706134095,-0.24137931034482757,2012
2012-04-30,2,10009,3174,1056,8412,2.61,0.4790897000147776,0.44865358283888634,0.9812382739212008,0.4099899430103922,1.0076923076923074,2012
2012-01-31,1,6767,2191,533,5966,1.3,-0.21423594983743613,-0.1839851024208566,-0.2044776119402985,-0.21032428855062874,-0.19753086419753088,2012
2011-10-31,4,8612,2685,670,7555,1.62,0.02866698518872432,0.040697674418604654,-0.05898876404494382,0.03592485945427122,-0.04142011834319517,2011
2011-07-31,3,8372,2580,712,7293,1.69,-0.060381593714927045,-0.07955761683910097,-0.21238938053097345,-0.0364645263575109,-0.20283018867924535,2011
2011-04-30,2,8910,2803,904,7569,2.12,0.4561202810916816,0.38419753086419756,0.7587548638132295,0.40871021775544386,0.7666666666666668,2011
2011-01-31,1,6119,2025,514,5373,1.2,-0.1503748958622605,-0.11687745311818579,0.12472647702407003,-0.16723496590204587,0.1320754716981131,2011
2010-10-31,4,7202,2293,457,6452,1.06,0.05338598800643557,-0.010358221838584376,-0.2593192868719611,0.0907861369399831,-0.26388888888888884,2010
2010-07-31,3,6837,2317,617,5915,1.44,-0.04122843920908709,-0.020710059171597635,0.1259124087591241,-0.036958645392380335,0.12499999999999993,2010
2010-04-30,2,7131,2366,548,6142,1.28,0.474870734229576,0.45242480049109884,1.2551440329218106,0.37374189219414,1.2456140350877196,2010
2010-01-31,1,4835,1629,243,4471,0.57,-0.09355080614923135,0.13519163763066203,-2.0896860986547083,-0.17034700315457413,-2.096153846153846,2010
2009-10-31,4,5334,1435,-223,5389,-0.52,-0.09362786745964316,-0.21455938697318008,-1.5309523809523808,0.002418154761904762,-1.5252525252525253,2009
2009-07-31,3,5885,1827,420,5376,0.99,-0.1278897451096621,-0.08237066800602712,-0.11016949152542373,-0.12385919165580182,-0.1081081081081082,2009
2009-04-30,2,6748,1991,472,6136,1.11,0.3113097551496308,0.24204616344354335,1.3137254901960784,0.2594417077175698,1.3125000000000002,2009
2009-01-31,1,5146,1603,204,4872,0.48,0.0,0.0,0.0,0.0,0.0,2009
