Date,Quarter,Total Revenue,Gross Profit,Net Income,Total Operating Expenses,EPS,Total Revenue Gr,Gross Profit Gr,Net Income Gr,Total Operating Expenses Gr,EPS Gr,Year
2022-03-31,1,629,398,97,588,0.93,-0.0988538681948424,-0.15856236786469344,-3.6944444444444446,-0.15759312320916904,-3.6571428571428575,2022
2021-12-31,4,698,473,-36,698,-0.35,0.07384615384615385,0.058165548098434,-1.5070422535211268,0.31203007518796994,-1.4929577464788735,2021
2021-09-30,3,650,447,71,532,0.71,0.09243697478991597,0.07194244604316546,0.12698412698412698,0.07692307692307693,0.12698412698412692,2021
2021-06-30,2,595,417,63,494,0.63,0.1782178217821782,0.21220930232558138,0.10526315789473684,0.07625272331154684,0.1249999999999999,2021
2021-03-31,1,505,344,57,459,0.56,-0.11247803163444639,-0.13784461152882205,-0.8394366197183099,-0.012903225806451613,-0.8461538461538461,2021
2020-12-31,4,569,399,355,465,3.64,0.13572854291417166,0.17352941176470588,3.9305555555555554,0.14250614250614252,3.986301369863014,2020
2020-09-30,3,501,340,72,407,0.73,0.1084070796460177,0.19718309859154928,0.5652173913043478,0.059895833333333336,0.5208333333333334,2020
2020-06-30,2,452,284,46,384,0.48,0.11604938271604938,0.10505836575875487,1.3,0.03225806451612903,1.2857142857142858,2020
2020-03-31,1,405,257,20,372,0.21,-0.12526997840172785,-0.16828478964401294,-0.7849462365591398,0.030470914127423823,-0.7941176470588236,2020
2019-12-31,4,463,309,93,361,1.02,0.1691919191919192,0.25101214574898784,1.0217391304347827,0.061764705882352944,1.04,2019
2019-09-30,3,396,247,46,340,0.5,0.17857142857142858,0.1932367149758454,-5.181818181818182,0.008902077151335312,-5.166666666666667,2019
2019-06-30,2,336,207,-11,337,-0.12,0.19572953736654805,0.22485207100591717,-0.5925925925925926,0.1423728813559322,-0.6,2019
2019-03-31,1,281,169,-27,295,-0.3,-0.16863905325443787,-0.242152466367713,-0.85,-0.4135188866799205,-0.8514851485148515,2019
2018-12-31,4,338,223,-180,503,-2.02,0.26591760299625467,0.31952662721893493,-4.829787234042553,0.9881422924901185,-4.884615384615384,2018
2018-09-30,3,267,169,47,253,0.52,0.09876543209876543,0.09740259740259741,0.5666666666666667,0.024291497975708502,0.5294117647058822,2018
2018-06-30,2,243,154,30,247,0.34,0.32065217391304346,0.29411764705882354,-2.25,0.14883720930232558,-2.2142857142857144,2018
2018-03-31,1,184,119,-24,215,-0.28,-0.167420814479638,-0.22727272727272727,1.6666666666666667,0.028708133971291867,1.8,2018
2017-12-31,4,221,154,-9,209,-0.1,0.1945945945945946,0.2125984251968504,3.5,0.12972972972972974,4.0,2017
2017-09-30,3,185,127,-2,185,-0.02,0.08187134502923976,0.07627118644067797,-1.6666666666666667,0.005434782608695652,-1.6666666666666667,2017
2017-06-30,2,171,118,3,184,0.03,0.20422535211267606,0.2553191489361702,-1.0714285714285714,0.00546448087431694,-1.0612244897959184,2017
2017-03-31,1,142,94,-42,183,-0.49,-0.1695906432748538,-0.19658119658119658,5.0,0.03389830508474576,4.444444444444445,2017
2016-12-31,4,171,117,-7,177,-0.09,0.1476510067114094,0.15841584158415842,-0.631578947368421,0.059880239520958084,-0.5909090909090909,2016
2016-09-30,3,149,101,-19,167,-0.22,0.08759124087591241,0.1744186046511628,-0.05,0.06369426751592357,-0.0833333333333333,2016
2016-06-30,2,137,86,-20,157,-0.24,0.1810344827586207,0.14666666666666667,0.05263157894736842,0.16296296296296298,0.04347826086956513,2016
2016-03-31,1,116,75,-19,135,-0.23,-0.11450381679389313,-0.17582417582417584,-10.5,0.046511627906976744,-8.666666666666668,2016
2015-12-31,4,131,91,2,129,0.03,0.24761904761904763,0.21333333333333335,-1.0465116279069768,-0.12837837837837837,-1.0566037735849056,2015
2015-09-30,3,105,75,-43,148,-0.53,0.12903225806451613,0.13636363636363635,9.75,0.5257731958762887,9.6,2015
2015-06-30,2,93,66,-4,97,-0.05,0.273972602739726,0.40425531914893614,-0.6923076923076923,0.12790697674418605,-0.7058823529411765,2015
2015-03-31,1,73,47,-13,86,-0.17,-0.13095238095238096,-0.2033898305084746,-14.0,0.03614457831325301,-5.25,2015
2014-12-31,4,84,59,1,83,0.04,0.21739130434782608,0.2553191489361702,-1.2,0.12162162162162163,-1.5,2014
2014-09-30,3,69,47,-5,74,-0.08,0.1694915254237288,0.175,-0.16666666666666666,0.13846153846153847,-0.11111111111111106,2014
2014-06-30,2,59,40,-6,65,-0.09,0.2553191489361702,0.3333333333333333,-0.5384615384615384,0.1016949152542373,-0.4705882352941177,2014
2014-03-31,1,47,30,-13,59,-0.17,-0.09615384615384616,-0.11764705882352941,3.3333333333333335,0.09259259259259259,3.25,2014
2013-12-31,4,52,34,-3,54,-0.04,0.20930232558139536,0.21428571428571427,-0.5,0.10204081632653061,-0.5,2013
2013-09-30,3,43,28,-6,49,-0.08,0.19444444444444445,0.2727272727272727,-0.4,0.06521739130434782,-0.4285714285714286,2013
2013-06-30,2,36,22,-10,46,-0.14,0.2,0.29411764705882354,-0.09090909090909091,0.12195121951219512,-0.12499999999999993,2013
2013-03-31,1,30,17,-11,41,-0.16,-0.09090909090909091,-0.05555555555555555,0.375,-0.023809523809523808,0.3333333333333334,2013
2012-12-31,4,33,18,-8,42,-0.12,0.43478260869565216,1.25,-0.5294117647058824,0.05,-0.52,2012
2012-09-30,3,23,8,-17,40,-0.25,0.0,-0.2727272727272727,0.13333333333333333,0.05263157894736842,0.19047619047619052,2012
2012-06-30,2,23,11,-15,38,-0.21,0.15,0.2222222222222222,0.07142857142857142,0.05555555555555555,-0.0,2012
2012-03-31,1,20,9,-14,36,-0.21,-0.09090909090909091,-0.18181818181818182,0.16666666666666666,0.02857142857142857,0.16666666666666666,2012
2011-12-31,4,22,11,-12,35,-0.18,0.2222222222222222,0.375,-0.07692307692307693,0.09375,-0.10000000000000009,2011
2011-09-30,3,18,8,-13,32,-0.2,-0.14285714285714285,-0.3333333333333333,0.8571428571428571,0.10344827586206896,0.8181818181818182,2011
2011-06-30,2,21,12,-7,29,-0.11,0.5,1.4,-0.4166666666666667,0.11538461538461539,-0.42105263157894735,2011
2011-03-31,1,14,5,-12,26,-0.19,-0.125,-0.2857142857142857,0.2,0.0,0.35714285714285704,2011
2010-12-31,4,16,7,-10,26,-0.14,0.3333333333333333,1.3333333333333333,-0.23076923076923078,0.04,-0.3913043478260869,2010
2010-09-30,3,12,3,-13,25,-0.23,0.0,-0.4,0.08333333333333333,0.08695652173913043,0.15,2010
2010-06-30,2,12,5,-12,23,-0.2,0.2,0.6666666666666666,-0.4,0.09523809523809523,-0.5,2010
2010-03-31,1,10,3,-20,21,-0.4,0.0,-0.25,0.6666666666666666,0.05,0.5384615384615385,2010
2009-12-31,4,10,4,-12,20,-0.26,0.42857142857142855,3.0,-0.14285714285714285,0.05263157894736842,-0.10344827586206887,2009
2009-09-30,3,7,1,-14,19,-0.29,0.0,-2.0,-0.06666666666666667,-0.05,-0.12121212121212131,2009
2009-06-30,2,7,-1,-15,20,-0.33,0.4,-inf,0.15384615384615385,0.17647058823529413,-0.0,2009
2009-03-31,1,5,0,-13,17,-0.33,0.0,0.0,0.0,0.0,0.0,2009
