Date,Quarter,Total Revenue,Gross Profit,Net Income,Total Operating Expenses,EPS,Total Revenue Gr,Gross Profit Gr,Net Income Gr,Total Operating Expenses Gr,EPS Gr,Year
2022-03-31,1,36393,22883,4710,18001,1.46,0.1160415836118863,0.08625272951675686,0.3984560570071259,-0.05402280729413001,0.41747572815533973,2022
2021-12-31,4,32609,21066,3368,19029,1.03,0.4016936038514443,0.48226850548831973,1.395448079658606,0.3891809023215068,1.3953488372093026,2021
2021-09-30,3,23264,14212,1406,13698,0.43,0.33226434543580347,0.4123024942859982,-0.27450980392156865,0.12601726263871763,-0.2833333333333333,2021
2021-06-30,2,17462,10063,1938,12165,0.6,-0.007220421854568196,-0.034539000287825,0.04700162074554295,-0.016492845015765218,0.052631578947368474,2021
2021-03-31,1,17589,10423,1851,12369,0.57,0.4974459390430785,0.6776114598422662,-1.7645600991325898,-0.028663420763310823,-1.7599999999999998,2021
2020-12-31,4,11746,6213,-2421,12734,-0.75,0.03589381779698386,0.030006631299734746,0.1382228490832158,-0.04678493899243955,0.1538461538461538,2020
2020-09-30,3,11339,6032,-2127,13359,-0.65,0.4913849796133105,0.24294250978776014,7.374015748031496,0.6541604754829123,7.125000000000001,2020
2020-06-30,2,7603,4853,-254,8076,-0.08,-0.49748843357567746,-0.3725109904318593,-0.6412429378531074,-0.464171974522293,-0.6190476190476191,2020
2020-03-31,1,15130,7734,-708,15072,-0.21,-0.00257103302788582,-0.09712818118141489,2.0,0.10385235095942581,1.9999999999999996,2020
2019-12-31,4,15169,8566,-236,13654,-0.07,-0.028251121076233184,0.0784338411179655,-0.7870036101083032,-0.15081783693015735,-0.7878787878787878,2019
2019-09-30,3,15610,7943,-1108,16079,-0.33,-0.08692091717360786,-0.06442873969375736,-1.7506775067750677,0.18445672191528545,-1.75,2019
2019-06-30,2,17096,8490,1476,13575,0.44,0.037252760587307365,-0.13596580500712396,-0.13734658094681473,0.15522083226959407,-0.13725490196078433,2019
2019-03-31,1,16482,9826,1711,11751,0.51,-0.2654425528121936,-0.2212094792739954,-0.4916815210932858,-0.25119480022940166,-0.49504950495049505,2019
2018-12-31,4,22438,12617,3366,15693,1.01,0.17255434782608695,0.3074611398963731,1.0216216216216216,0.07937272164523007,1.02,2018
2018-09-30,3,19136,9650,1665,14539,0.5,0.055197132616487454,0.10665137614678899,0.36587366694011486,0.016784390516819358,0.35135135135135137,2018
2018-06-30,2,18135,8720,1219,14299,0.37,-0.08796016898008449,-0.13577799801783944,-0.051361867704280154,-0.041943048576214406,-0.05128205128205133,2018
2018-03-31,1,19884,10090,1285,14925,0.39,0.16178790534618756,0.15963682335363752,-0.5011645962732919,0.25062845651080945,-0.5,2018
2017-12-31,4,17115,8701,2576,11934,0.78,0.2576236314203836,0.21965236893748247,-6.355509355509356,-0.04634809013904427,-6.2,2017
2017-09-30,3,13609,7134,-481,12514,-0.15,-0.08878473384666889,-0.11686060906164893,-1.335659455687369,0.07048759623609924,-1.3409090909090908,2017
2017-06-30,2,14935,8078,1433,11690,0.44,-0.03818907779495106,-0.10858530125800044,0.3493408662900188,0.036531299875864516,0.33333333333333326,2017
2017-03-31,1,15528,9062,1062,11278,0.33,0.2172140785451125,0.4014846891432106,-1.3806451612903226,-0.23048580786026202,-1.3837209302325582,2017
2016-12-31,4,12757,6466,-2790,14656,-0.86,0.05377498760944986,0.024235704102645333,5.458333333333333,0.2891195355792066,5.142857142857142,2016
2016-09-30,3,12106,6313,-432,11369,-0.14,0.11115190454336851,0.11853295535081503,0.40716612377850164,0.06103593093793747,0.4000000000000001,2016
2016-06-30,2,10895,5644,-307,10715,-0.1,0.07711319822046465,-0.05063078216989066,-1.5057660626029654,0.18345482659597967,-1.5263157894736843,2016
2016-03-31,1,10115,5945,607,9054,0.19,-0.22744978232643398,-0.16502808988764045,-1.538598047914818,-0.300200958417066,-1.5428571428571431,2016
2015-12-31,4,13093,7120,-1127,12938,-0.35,-0.038269428529454974,-0.014669249930805425,2.2385057471264367,0.016179704681118443,2.1818181818181817,2015
2015-09-30,3,13614,7226,-348,12732,-0.11,-0.21857421650786363,-0.28561542263964407,-1.4041811846689896,-0.07652136070211069,-1.4074074074074074,2015
2015-06-30,2,17422,10115,861,13787,0.27,0.12305808031973184,0.13307942197826816,-1.188073394495413,-0.2673114736674284,-1.1875,2015
2015-03-31,1,15513,8927,-4578,18817,-1.44,-0.3020964549217203,-0.21973603705969758,2.6919354838709677,-0.09824124215268126,2.6,2015
2014-12-31,4,22228,11441,-1240,20867,-0.4,-0.06432059269237245,-0.03679070550597744,0.646746347941567,-0.00779801245780039,0.6666666666666669,2014
2014-09-30,3,23756,11878,-753,21031,-0.24,-0.030169422331087978,-0.0785819564036925,-1.3783919597989949,0.09856874216464688,-1.380952380952381,2014
2014-06-30,2,24495,12891,1990,19144,0.63,-0.14900639244024458,-0.14481889345893592,-0.4864516129032258,-0.058985450255603616,-0.48360655737704916,2014
2014-03-31,1,28784,15074,3875,20344,1.22,0.10524901125062397,0.06907801418439716,0.5285996055226825,0.08276119005801266,0.5443037974683543,2014
2013-12-31,4,26043,14100,2535,18789,0.79,-0.08160242620869626,-0.03727980335927898,0.06155778894472362,-0.13788198586767,0.05333333333333338,2013
2013-09-30,3,28357,14646,2388,21794,0.75,0.11365510741075285,0.12384898710865562,2.2357723577235773,0.11341575559415551,2.125,2013
2013-06-30,2,25463,13032,738,19574,0.24,-0.1143304347826087,-0.09731938768442197,-0.351493848857645,-0.11003000818405019,-0.3333333333333333,2013
2013-03-31,1,28750,14437,1138,21994,0.36,-0.01729559748427673,-0.0796251434400102,-0.5186125211505922,0.08596257344590925,-0.5135135135135135,2013
2012-12-31,4,29256,15686,2364,20253,0.74,0.045641373887558526,0.18429596073990184,-0.029556650246305417,-0.04906563996619401,-0.038961038961038995,2012
2012-09-30,3,27979,13245,2436,21298,0.77,-0.15338295812152022,-0.16917576213774935,-0.4401287060445874,-0.09696841212635149,-0.4338235294117647,2012
2012-06-30,2,33048,15942,4351,23585,1.36,-0.015256257449344458,-0.03481261730338439,0.6708909370199693,-0.007072790805371953,0.6585365853658539,2012
2012-03-31,1,33560,16517,2604,23753,0.82,0.05557827194665493,-0.05584771921801761,-0.4125874125874126,0.12169437098602191,-0.41007194244604317,2012
2011-12-31,4,31793,17494,4433,21176,1.39,0.050973521536478134,0.23423169183011147,1.3479872881355932,-0.08983065417347202,1.3559322033898304,2011
2011-09-30,3,30251,14174,1888,23266,0.59,0.03048780487804878,-0.04802202968634563,-0.6188938231731934,0.17362792574656982,-0.6217948717948718,2011
2011-06-30,2,29356,14889,4954,19824,1.56,0.15370406759677735,0.13009487666034156,0.7749910426370477,0.12291831879460745,0.7727272727272728,2011
2011-03-31,1,25445,13175,2791,17654,0.88,0.05257714900306114,0.0377284183994959,0.7335403726708074,0.03682386797439361,0.7254901960784313,2011
2010-12-31,4,24174,12696,1610,17027,0.51,0.18112082865099918,0.33081761006289306,-0.278673835125448,0.058366484336151166,-0.27142857142857135,2010
2010-09-30,3,20467,9540,2232,16088,0.7,-0.017521121351766512,-0.08003857280617165,3.5273833671399593,-0.02756286266924565,3.3749999999999996,2010
2010-06-30,2,20832,10370,493,16544,0.16,-0.060817817050628914,-0.16154592496765846,-0.7410714285714286,0.07400675149311867,-0.7333333333333333,2010
2010-03-31,1,22181,12368,1904,15404,0.6,0.028088064889918888,0.0293799417394923,0.5111111111111111,-0.021906152771604546,0.4999999999999999,2010
2009-12-31,4,21575,12015,1260,15749,0.4,0.012435476302205537,0.0398096062310688,0.10236220472440945,0.015409413281753707,0.11111111111111122,2009
2009-09-30,3,21310,11555,1143,15510,0.36,0.32253459939179546,0.29482294935006725,94.25,0.24278846153846154,0.14893617021276606,2009
2009-06-30,2,16113,8924,12,12480,0.3133333333333333,-0.09568975193624425,-0.21595501669302408,-0.9808612440191388,0.10756123535676251,0.7407407407407406,2009
2009-03-31,1,17818,11382,627,11268,0.18,0.0,0.0,0.0,0.0,0.0,2009
