Date,Quarter,Total Revenue,Gross Profit,Net Income,Total Operating Expenses,EPS,Total Revenue Gr,Gross Profit Gr,Net Income Gr,Total Operating Expenses Gr,EPS Gr,Year
2022-12-31,4,21785,6318,2125,19799,1.93,0.14153217354852232,0.3405474220241884,-9.928571428571429,0.10454672245467224,-10.190476190476192,2022
2022-09-30,3,19084,4713,-238,17925,-0.21,0.02349029282419822,-0.12754535357275082,-0.7222870478413069,0.07593037214885955,-0.7307692307692308,2022
2022-06-30,2,18646,5402,-857,16660,-0.78,0.0942488262910798,0.1776760409853935,-0.21663619744058502,-0.005076142131979695,-0.2121212121212121,2022
2022-03-31,1,17040,4587,-1094,16745,-0.99,-0.1607151652465153,-0.23088531187122738,-0.7194871794871794,-0.08286778398510242,-0.7203389830508474,2022
2021-12-31,4,20303,5964,-3900,18258,-3.54,0.0933814421885939,0.15424811302496613,-4.236514522821577,0.08847025157982592,-4.277777777777778,2021
2021-09-30,3,18569,5167,1205,16774,1.08,0.017312222648331783,0.11477885652642934,-2.0143097643097643,-0.01820310213637694,-2.0,2021
2021-06-30,2,18253,4635,-1188,17085,-1.08,0.06924023197235077,0.02227613586237318,-0.5866388308977035,0.06834667333666833,-0.5877862595419847,2021
2021-03-31,1,17071,4534,-2874,15992,-2.62,-0.18744347660526442,-0.1345676655850353,-2.176422431436758,-0.1830395913154534,-2.190909090909091,2021
2020-12-31,4,21009,5239,2443,19575,2.2,0.13384424415780669,0.16733511586452762,-3.052941176470588,0.09504363392257775,-3.018348623853211,2020
2020-09-30,3,18529,4488,-1190,17876,-1.09,0.1025885153228206,0.41488020176544765,-0.4538779256539697,-0.020707790073408568,-0.47596153846153844,2020
2020-06-30,2,16805,3172,-2179,18254,-2.08,-0.13776295536172395,-0.37349397590361444,-1.3539636127355426,0.0009870585654748849,-1.3714285714285714,2020
2020-03-31,1,19490,5063,6156,18236,5.6,-0.08260767239350435,-0.3103119466012805,10.442379182156134,-0.11256022190860869,-1.8104196816208393,2020
2019-12-31,4,21245,7341,538,20549,-6.91,-0.09053938356164383,0.21700928381962864,-1.0568409931325937,-0.04245107176141659,4.758333333333334,2019
2019-09-30,3,23360,6032,-9465,21460,-1.2,-0.0023063124626291963,0.004998333888703766,154.1639344262295,-0.01319722260541684,13.999999999999998,2019
2019-06-30,2,23414,6002,-61,21747,-0.08,0.0545896766057112,0.001334668001334668,-1.0171879402648634,0.10491819936998273,-1.025,2019
2019-03-31,1,22202,5994,3549,19682,3.2,0.3318536292741452,-0.22896835605865706,5.172173913043478,0.3366383701188455,4.714285714285714,2019
2018-12-31,4,16670,7774,575,14725,0.56,-0.28736320109439123,0.40198376916140666,-1.0252104524728165,-0.6653789342120213,-1.0267175572519083,2018
2018-09-30,3,23392,5545,-22808,44005,-20.96,-0.19786022906522185,-0.25198974774045596,-38.08617886178862,0.6820840181950232,-38.42857142857142,2018
2018-06-30,2,29162,7413,615,26161,0.56,0.049445803944148554,0.07794096262905337,-1.5194256756756757,0.04144108280254777,-1.5,2018
2018-03-31,1,27788,6877,-1184,25120,-1.12,1.198591660732653,1.675875486381323,-0.8923832030539902,0.8994328922495274,-0.8897637795275589,2018
2017-12-31,4,12639,2570,-11002,13225,-10.16,-0.587795968951797,-0.6323844943498784,-9.309667673716012,-0.5535111411208643,-9.466666666666667,2017
2017-09-30,3,30662,6991,1324,29620,1.2,0.05378561363714472,-0.06462402997056463,0.5131428571428571,0.1432762081210437,0.4999999999999999,2017
2017-06-30,2,29097,7474,875,25908,0.8,0.08243740932256985,0.12374079085851751,-8.478632478632479,0.04860970575140648,-11.0,2017
2017-03-31,1,26881,6651,-117,24707,-0.08,-0.06870149667405764,0.3512799674928891,-1.0542671614100185,-0.11905441061113885,-1.0416666666666667,2017
2016-12-31,4,28864,4922,2156,28046,1.92,-0.013736075992619421,-0.4069879518072289,0.08124373119358075,0.09781970485771324,0.09090909090909087,2016
2016-09-30,3,29266,8300,1994,25547,1.76,-0.12623156386218426,-0.25299252992529925,-0.2764876632801161,-0.07334324785084696,-0.26666666666666666,2016
2016-06-30,2,33494,11111,2756,27569,2.4,0.20287304722571378,0.4846338856226617,-46.18032786885246,0.09279372126208975,-31.0,2016
2016-03-31,1,27845,7484,-61,25228,-0.08,-0.17841968606160746,-0.2739619712844393,-1.0097087378640777,-0.16160978365624273,-1.015625,2016
2015-12-31,4,33892,10308,6283,30091,5.12,0.20921935207649495,0.2612259880092989,1.5071827613727056,0.23283349721402818,1.56,2015
2015-09-30,3,28028,8173,2506,24408,2.0,-0.04099089851502087,-0.055581234111393575,-2.8426470588235295,-0.03311678022500396,-2.923076923076923,2015
2015-06-30,2,29226,8654,-1360,25244,-1.04,0.11383817980868173,0.14516342463940718,-0.899801075664923,0.07935693518043441,-0.9037037037037038,2015
2015-03-31,1,26239,7557,-13573,23388,-10.8,0.36172089885308006,-2.225393221988001,-3.6345108695652173,0.02372406548192244,-3.7,2015
2014-12-31,4,19269,-6167,5152,22846,4.0,-0.39985049989098953,-1.4986658041562222,0.45660163980774665,-0.12326348913961163,0.42857142857142866,2014
2014-09-30,3,32107,12367,3537,26058,2.8,-0.004742715437073775,0.009221478700832382,-0.002256699576868829,-0.008409756840062408,0.0,2014
2014-06-30,2,32260,12254,3545,26279,2.8,-0.038392750685584835,-0.18448023426061494,0.18206068689563187,-0.007740522579670744,0.16666666666666663,2014
2014-03-31,1,33548,15026,2999,26484,2.4,3.424690055394355,-1.8839863513354513,-0.06456643792888335,0.5247855374517819,-0.06250000000000006,2014
2013-12-31,4,7582,-16998,3206,17369,2.56,-0.7873867810773675,-2.048870788596816,0.004700720777185835,-0.38265505598009597,0.03225806451612906,2013
2013-09-30,3,35661,16206,3191,28135,2.48,0.017171054508114892,-0.02184934814099469,0.01851260772422598,0.04091901291205742,0.03333333333333337,2013
2013-06-30,2,35059,16568,3133,27029,2.4,0.0033196920699424775,-0.060131608804175174,-0.1117096682733201,0.03634829952839232,-0.11764705882352951,2013
2013-03-31,1,34943,17628,3527,26081,2.72,-0.1029445742304829,-0.1281899109792285,-0.12066816255297931,-0.10142980189491817,-0.1052631578947368,2013
2012-12-31,4,38953,20220,4011,29025,3.04,0.07444695757709494,0.13947590870667795,0.14895445431108564,0.06008035062089116,0.15151515151515146,2012
2012-09-30,3,36254,17745,3491,27380,2.64,-0.003928895238618568,0.031806023956273986,0.12431561996779388,-0.008078832011013296,0.13793103448275876,2012
2012-06-30,2,36397,17198,3105,27603,2.32,0.037542759407069554,-0.0007553308930335251,0.023401450230718525,0.05358983167296462,0.0,2012
2012-03-31,1,35080,17211,3034,26199,2.32,-0.057647880513619514,-0.1325100806451613,-0.1865951742627346,-0.06200995309870753,-0.17142857142857143,2012
2011-12-31,4,37226,19840,3730,27931,2.8,0.05265241488519398,0.06638000537489921,0.5919760990183526,0.0666386618803941,0.5909090909090908,2011
2011-09-30,3,35364,18605,2343,26186,1.76,-0.0072705836117115345,0.021915851916950457,-0.36486852805638387,0.01578804453237131,-0.3714285714285714,2011
2011-06-30,2,35623,18206,3689,25779,2.8,-0.07059928513658066,-0.1576366075972794,0.09857057772483621,0.022043373111842367,0.12903225806451607,2011
2011-03-31,1,38329,21613,3358,25223,2.48,-0.06655788807169646,0.04496446356911473,-0.24708520179372198,-0.20268689742373952,-0.27906976744186046,2011
2010-12-31,4,41062,20683,4460,31635,3.44,0.16082888078477936,0.10332871012482663,1.2525252525252526,0.23622508792497068,1.3888888888888888,2010
2010-09-30,3,35373,18746,1980,25590,1.44,-0.042108968804159444,-0.050017736786094356,-0.34739617666446937,-0.018825965262068173,-0.3571428571428572,2010
2010-06-30,2,36928,19733,3034,26081,2.24,0.01999779029941443,0.05569227476995506,0.6224598930481283,-0.013577912254160364,0.6470588235294118,2010
2010-03-31,1,36204,18692,1870,26440,1.36,-0.07390069833474024,0.005486820871436256,-0.3635125936010892,-0.125458935600172,-0.37037037037037035,2010
2009-12-31,4,39093,18590,2938,30233,2.16,0.03423370988650493,-0.03433587865565425,0.2145514675485738,0.08354239839438034,0.1739130434782609,2009
2009-09-30,3,37799,19251,2419,27902,1.84,-0.03347141249872149,-0.05186170212765957,-0.07459831675592961,0.005948732739661824,-0.07999999999999996,2009
2009-06-30,2,39108,20304,2614,27737,2.0,0.017430667568551952,-0.0033379147849990185,-0.050835148874364564,0.012188446520453965,-0.03846153846153849,2009
2009-03-31,1,38438,20372,2754,27403,2.08,0.0,0.0,0.0,0.0,0.0,2009
