Date,Quarter,Total Revenue,Gross Profit,Net Income,Total Operating Expenses,EPS,Total Revenue Gr,Gross Profit Gr,Net Income Gr,Total Operating Expenses Gr,EPS Gr,Year
2022-09-30,3,7042,5647,1789,4205,1.42,0.12492012779552715,0.17206309672063097,0.5638111888111889,-0.006145119357125975,0.5604395604395603,2022
2022-06-30,2,6260,4818,1144,4231,0.91,-0.05007587253414264,-0.06736353077816493,59.21052631578947,-0.3381823869857657,44.5,2022
2022-03-31,1,6590,5166,19,6393,0.02,-0.09028161236885698,0.1189083820662768,-0.9502617801047121,0.014118020304568529,-0.9333333333333332,2022
2021-12-31,4,7244,4617,382,6304,0.3,-0.023851232987467996,-0.255082284607938,-0.8526234567901234,0.761385861972618,-0.8536585365853658,2021
2021-09-30,3,7421,6198,2592,3579,2.05,0.193662538201705,0.28402734617775016,0.7030223390275953,-0.09871568874338957,0.6942148760330578,2021
2021-06-30,2,6217,4827,1522,3971,1.21,-0.03207224038611241,-0.046424338206242595,-0.11972238288027762,0.12397395980752901,-0.1167883211678833,2021
2021-03-31,1,6423,5062,1729,3533,1.37,-0.1344832232852715,-0.1595550390171011,0.11476466795615732,-0.2593291404612159,0.09600000000000009,2021
2020-12-31,4,7421,6023,1551,4770,1.25,0.12832598449140944,0.10798381162619573,3.308333333333333,0.042395104895104896,3.310344827586207,2020
2020-09-30,3,6577,5436,360,4576,0.29,0.27882558817810615,0.3326795783280216,-1.1078167115902966,-0.4368693083928132,-1.1090225563909775,2020
2020-06-30,2,5143,4079,-3339,8126,-2.66,-0.07299927901946647,-0.10919414719371041,-3.1528046421663443,1.5829624920534011,-3.180327868852459,2020
2020-03-31,1,5548,4579,1551,3146,1.22,-0.05630209219254975,0.09127740705433747,-0.4247032640949555,-0.34266610948600085,-0.4272300469483568,2020
2019-12-31,4,5879,4196,2696,4786,2.13,0.04907209136331192,-0.08163711971985117,-3.3141630901287553,-0.32372474212236824,-3.3152173913043477,2019
2019-09-30,3,5604,4569,-1165,7077,-0.92,-0.01424802110817942,-0.024759871931696906,-1.6196808510638299,1.1741935483870967,-1.6258503401360545,2019
2019-06-30,2,5685,4685,1880,3255,1.47,0.07650066275326643,0.08348751156336726,-0.04810126582278481,0.06931668856767412,-0.04545454545454549,2019
2019-03-31,1,5281,4324,1975,3044,1.54,-0.08869715271786023,0.023431952662721894,657.3333333333334,-0.34551709309825845,153.0,2019
2018-12-31,4,5795,4225,3,4651,0.01,0.03556111508220157,-0.06319290465631928,-0.9985693848354793,0.5644130507904473,-0.99375,2018
2018-09-30,3,5596,4510,2097,2973,1.6,-0.009206798866855524,0.01302785265049416,0.15410016510731975,-0.11728028503562946,0.15107913669064763,2018
2018-06-30,2,5648,4452,1817,3368,1.39,0.11006289308176101,0.0893075605578664,0.18140442132639792,0.1475298126064736,0.18803418803418803,2018
2018-03-31,1,5088,4087,1538,2935,1.17,-0.14473020675743822,-0.12912848923929257,-1.3979301423027166,-0.19764898851831603,-1.3993174061433444,2018
2017-12-31,4,5949,4693,-3865,3658,-2.93,-0.08645577395577396,-0.14361313868613138,-2.4220014716703457,0.3548148148148148,-2.4223300970873787,2017
2017-09-30,3,6512,5480,2718,2700,2.06,-0.08808290155440414,-0.0889443059019119,-0.11552229092092418,-0.06477312088673363,-0.11587982832618027,2017
2017-06-30,2,7141,6015,3073,2887,2.33,0.09777094542659492,0.08417447728911319,0.13730569948186527,0.054419284149013876,0.13658536585365866,2017
2017-03-31,1,6505,5548,2702,2738,2.05,-0.11133879781420765,-0.11160928742994396,-0.13063063063063063,-0.16396946564885495,-0.12393162393162395,2017
2016-12-31,4,7320,6245,3108,3275,2.34,-0.024,-0.019777115052582013,-0.06666666666666667,0.05611093195743309,-0.060240963855421825,2016
2016-09-30,3,7500,6371,3330,3101,2.49,-0.035493827160493825,-0.07826967592592593,-0.04775521875893623,-0.0423100679431748,-0.0348837209302325,2016
2016-06-30,2,7776,6912,3497,3238,2.58,-0.0023094688221709007,0.0471140736252083,-0.019349411104879418,0.030225898822780782,0.01976284584980248,2016
2016-03-31,1,7794,6601,3566,3143,2.53,-0.08370561956266165,-0.11324556689951638,-0.23852231475549862,0.08942807625649914,-0.20189274447949532,2016
2015-12-31,4,8506,7444,4683,2885,3.17,0.025437010247136828,0.02945650670723275,0.018043478260869564,0.06457564575645756,0.03594771241830061,2015
2015-09-30,3,8295,7231,4600,2710,3.06,0.006186317321688501,-0.002070107645597571,0.02404274265360641,0.03120243531202435,0.0479452054794521,2015
2015-06-30,2,8244,7246,4492,2628,2.92,0.08559388991308928,0.07955899880810488,0.03669513039464574,0.18218623481781376,0.05797101449275368,2015
2015-03-31,1,7594,6712,4333,2223,2.76,0.038282745419742956,0.07374820028795392,0.24261542873530256,-0.2550268096514745,0.28372093023255807,2015
2014-12-31,4,7314,6251,3487,2984,2.15,0.21052631578947367,0.23659742828882294,0.2768216770413768,0.1647150663544106,0.2874251497005988,2014
2014-09-30,3,6042,5055,2731,2562,1.67,-0.07543993879112472,-0.09893048128342247,-0.25300875273522977,0.20678285445124822,-0.240909090909091,2014
2014-06-30,2,6535,5610,3656,2123,2.2,0.3072614522904581,0.34018155757286195,0.6416704086214639,0.08537832310838446,0.6541353383458647,2014
2014-03-31,1,4999,4186,2227,1956,1.33,0.6022435897435897,0.8505747126436781,1.8118686868686869,0.0171606864274571,1.9555555555555557,2014
2013-12-31,4,3120,2262,792,1923,0.45,0.12109234638878907,0.07663017610661589,0.0038022813688212928,0.1761467889908257,-0.042553191489361625,2013
2013-09-30,3,2783,2101,789,1635,0.47,0.005782435851102277,0.008641382621219395,0.02069857697283312,0.013011152416356878,0.021739130434782507,2013
2013-06-30,2,2767,2083,773,1614,0.46,0.09281200631911532,0.09804955192409066,0.07063711911357341,0.07171314741035857,0.06976744186046518,2013
2013-03-31,1,2532,1897,722,1506,0.43,-0.021638330757341576,-0.007845188284518828,-0.053735255570117955,0.01688048615800135,-0.08510638297872336,2013
2012-12-31,4,2588,1912,763,1481,0.47,0.06633704161516275,0.045379989065062874,0.128698224852071,0.07086044830079537,0.09302325581395345,2012
2012-09-30,3,2427,1829,676,1383,0.43,0.009147609147609148,0.022930648769574943,-0.05056179775280899,0.0274888558692422,-0.06521739130434788,2012
2012-06-30,2,2405,1788,712,1346,0.46,0.05390008764241893,0.05052878965922444,0.6108597285067874,-0.09176788124156546,0.6428571428571428,2012
2012-03-31,1,2282,1702,442,1482,0.28,0.03727272727272727,0.053217821782178217,-0.33533834586466166,0.11177794448612154,-0.34883720930232553,2012
2011-12-31,4,2200,1616,665,1333,0.43,0.036757775683317624,0.016352201257861635,-0.10256410256410256,0.19230769230769232,-0.10416666666666664,2011
2011-09-30,3,2122,1590,741,1118,0.48,-0.0070191857744501636,-0.008109794135995009,-0.006702412868632708,-0.0026761819803746653,0.02127659574468087,2011
2011-06-30,2,2137,1603,746,1121,0.47,0.10955347871235721,0.10399449035812672,0.14592933947772657,0.0947265625,0.17499999999999988,2011
2011-03-31,1,1926,1452,651,1024,0.4,-0.03651825912956478,-0.033288948069241014,0.034976152623211444,-0.12403763900769889,0.025641025641025664,2011
2010-12-31,4,1999,1502,629,1169,0.39,0.03147574819401445,0.028767123287671233,-0.10780141843971631,0.21897810218978103,-0.07142857142857137,2010
2010-09-30,3,1938,1460,705,959,0.42,0.005708354955889984,-0.008152173913043478,-0.009831460674157303,0.025668449197860963,0.049999999999999906,2010
2010-06-30,2,1927,1472,712,935,0.4,-0.07622243528283797,-0.10516717325227963,-0.1672514619883041,0.010810810810810811,-0.13043478260869565,2010
2010-03-31,1,2086,1645,855,925,0.46,0.0265748031496063,0.055163566388710714,0.06608478802992519,-0.04343329886246122,0.06976744186046518,2010
2009-12-31,4,2032,1559,802,967,0.43,0.12826207662409772,0.11997126436781609,0.19167904903417535,0.06615214994487321,0.19444444444444448,2009
2009-09-30,3,1801,1392,673,907,0.36,0.09350333940497875,0.10126582278481013,0.1786339754816112,0.023702031602708805,0.16129032258064513,2009
2009-06-30,2,1647,1264,571,886,0.31,0.07647058823529412,0.05245628642797669,-0.030560271646859084,0.22714681440443213,-0.03125000000000003,2009
2009-03-31,1,1530,1201,589,722,0.32,0.0,0.0,0.0,0.0,0.0,2009
