Date,Quarter,Total Revenue,Gross Profit,Net Income,Total Operating Expenses,EPS,Total Revenue Gr,Gross Profit Gr,Net Income Gr,Total Operating Expenses Gr,EPS Gr,Year
2022-03-31,1,7810,5738,1903,5406,2.1,-0.02375,-0.03563025210084034,0.10254924681344148,-0.11129376952161762,0.1170212765957448,2022
2021-12-31,4,8000,5950,1726,6083,1.88,0.18116049018160343,0.11381505054286783,0.554954954954955,0.24345870809484874,0.540983606557377,2021
2021-09-30,3,6773,5342,1110,4892,1.22,0.0048961424332344215,0.11593900146229372,-0.2014388489208633,-0.08338017612891137,-0.20261437908496735,2021
2021-06-30,2,6740,4787,1390,5337,1.53,-0.00969732588892154,-0.028414856910899126,0.025830258302583026,-0.05539823008849558,0.02684563758389264,2021
2021-03-31,1,6806,4927,1355,5650,1.49,-0.08521505376344087,-0.13863636363636364,-0.35994331601322627,0.037077826725403815,-0.354978354978355,2021
2020-12-31,4,7440,5720,2117,5448,2.31,0.2959414736108692,0.29587675577707295,0.7524834437086093,0.22097714029583146,0.7368421052631579,2020
2020-09-30,3,5741,4414,1208,4462,1.33,0.044008001454809965,0.0320317979892448,-0.14447592067988668,0.036950964443411574,-0.14193548387096772,2020
2020-06-30,2,5499,4277,1412,4303,1.55,-0.061604095563139935,-0.07922497308934338,-0.03088538091969801,0.007964394471773249,-0.03125000000000003,2020
2020-03-31,1,5860,4645,1457,4269,1.6,-0.04154399738305528,-0.038501345477126886,-0.02606951871657754,-0.09439966058549003,-0.09604519774011296,2020
2019-12-31,4,6114,4831,1496,4714,1.77,0.1163045462844623,0.12296606229660623,0.19298245614035087,0.16510133465150767,0.29197080291970795,2019
2019-09-30,3,5477,4302,1254,4046,1.37,-0.028383892141209864,-0.04654255319148936,-0.055011303692539565,-0.022232962783953602,-0.048611111111111,2019
2019-06-30,2,5637,4512,1327,4138,1.44,0.10703063629222309,0.1411229135053111,-0.6871758604431871,-0.06948504609849336,-0.665893271461717,2019
2019-03-31,1,5092,3954,4242,4447,4.31,-0.09684285207520398,-0.12289263531499556,2.7706666666666666,-0.061220181549503906,2.9181818181818175,2019
2018-12-31,4,5638,4508,1125,4737,1.1,0.06237045411720369,0.08521906596051998,-0.021739130434782608,0.1950050454086781,-0.01785714285714287,2018
2018-09-30,3,5307,4154,1150,3964,1.12,-0.04977618621307073,-0.0452769478280855,-5.423076923076923,-0.2908765652951699,-5.48,2018
2018-06-30,2,5585,4351,-260,5590,-0.25,0.1251007252215955,0.14530139510397472,-1.2136400986031224,0.5239912758996729,-1.2155172413793103,2018
2018-03-31,1,4964,3799,1217,3668,1.16,0.5212994177137603,0.1439325504366155,-1.7344598672299336,0.2288107202680067,-1.7388535031847132,2018
2017-12-31,4,3263,3321,-1657,2985,-1.57,-0.4232944503358077,-0.1844302554027505,-3.9802158273381294,-0.41653635652853793,-3.9622641509433962,2017
2017-09-30,3,5658,4072,556,5116,0.53,-0.028502747252747252,-0.04255819421584764,-0.44841269841269843,0.10640138408304499,-0.44210526315789467,2017
2017-06-30,2,5824,4253,1008,4624,0.95,0.11400153022188217,0.0961340206185567,-10.08108108108108,-0.11839847473784557,-10.5,2017
2017-03-31,1,5228,3880,-111,5245,-0.1,-0.09251865995486895,-0.084689785326728,-1.1437823834196892,0.032073986619441164,-1.136986301369863,2017
2016-12-31,4,5761,4239,772,5082,0.73,0.10959167950693374,0.11817462410973358,-0.007712082262210797,0.1963276836158192,0.0,2016
2016-09-30,3,5192,3791,778,4248,0.73,-0.03940795559666975,-0.03781725888324873,0.040106951871657755,-0.05220883534136546,0.028169014084507067,2016
2016-06-30,2,5405,3940,748,4482,0.71,0.11099691675231244,0.11236589497459062,0.7,0.08026030368763558,0.7317073170731707,2016
2016-03-31,1,4865,3542,440,4149,0.41,-0.09505208333333333,-0.11138986452584045,-0.0794979079497908,-0.1780903328050713,-0.08888888888888896,2016
2015-12-31,4,5376,3986,478,5048,0.45,0.08387096774193549,0.07064195541230191,-0.4025,0.26263131565782893,-0.39999999999999997,2015
2015-09-30,3,4960,3723,800,3998,0.75,-0.0038160273147218315,-0.009840425531914894,0.33111480865224624,-0.02559103095296125,0.33928571428571414,2015
2015-06-30,2,4979,3760,601,4103,0.56,0.07190527448869752,0.08922363847045191,0.1339622641509434,-0.00412621359223301,0.1200000000000001,2015
2015-03-31,1,4645,3452,530,4120,0.5,-0.09295059558679945,-0.10754912099276112,0.23543123543123542,-0.14398504051527114,0.24999999999999994,2015
2014-12-31,4,5121,3868,429,4813,0.4,0.050246103363412634,0.07176503186478249,-0.1437125748502994,0.12532148702361467,-0.14893617021276587,2014
2014-09-30,3,4876,3609,501,4277,0.47,-0.012155591572123177,-0.03657234383342232,-0.31743869209809267,0.05631020004939491,-0.3088235294117648,2014
2014-06-30,2,4936,3746,734,4049,0.68,0.05402519752295537,0.08265895953757225,0.008241758241758242,0.06078071784123657,0.0,2014
2014-03-31,1,4683,3460,728,3817,0.68,-0.193837149251162,-0.21754862053369517,0.0,-0.2257606490872211,0.0,2014
2013-12-31,4,5809,4422,728,4930,0.68,0.00623592586177031,-0.03344262295081967,-0.3948462177888612,0.16603595080416272,-0.38738738738738737,2013
2013-09-30,3,5773,4575,1203,4228,1.11,-0.026475548060708263,-0.03987408184679958,-0.0024875621890547263,-0.04495143437994127,0.0,2013
2013-06-30,2,5930,4765,1206,4427,1.11,0.058550517672259904,0.07223222322232223,-0.22093023255813954,0.0646945646945647,-0.21830985915492948,2013
2013-03-31,1,5602,4444,1548,4158,1.42,-0.05959375524592916,-0.056275217668294755,0.871825876662636,-0.15932066316215124,0.9189189189189189,2013
2012-12-31,4,5957,4709,827,4946,0.74,0.09443321697593239,0.11061320754716981,-0.37678975131876413,0.1491635687732342,-0.37288135593220334,2012
2012-09-30,3,5443,4240,1327,4304,1.18,-0.028209248348509196,-0.04804669959586888,0.43614718614718617,-0.021595817231188908,0.4216867469879518,2012
2012-06-30,2,5601,4454,924,4399,0.83,-0.0001785076758300607,0.011353315168029064,-0.08605341246290801,0.04217010187159441,-0.08791208791208799,2012
2012-03-31,1,5602,4404,1011,4221,0.91,-0.07359021002149826,-0.06793650793650793,0.17832167832167833,-0.16481994459833796,0.18181818181818182,2012
2011-12-31,4,6047,4725,858,5054,0.77,-0.016428106701366296,-0.017671517671517672,-0.3058252427184466,0.10784743533537922,-0.30630630630630634,2011
2011-09-30,3,6148,4810,1236,4562,1.11,-0.016791939868862946,-0.042786069651741296,0.03258145363408521,-0.021869639794168096,0.03738317757009349,2011
2011-06-30,2,6253,5025,1197,4664,1.07,0.07090255180681623,0.07855763039278815,0.13352272727272727,0.041536400178651185,0.12631578947368433,2011
2011-03-31,1,5839,4659,1056,4478,0.95,-0.05624696945207693,-0.05973763874873865,-0.09743589743589744,-0.07689136260564831,-0.09523809523809532,2011
2010-12-31,4,6187,4955,1170,4851,1.05,0.0940760389036251,0.06170987786586672,-0.10207214121258634,0.24320861096873397,-0.11016949152542364,2010
2010-09-30,3,5655,4667,1303,3902,1.18,-0.01635066968168377,-0.012275132275132276,-0.0340993328391401,-0.016385177716158307,-0.03278688524590167,2010
2010-06-30,2,5749,4725,1349,3967,1.22,0.047940211447320455,0.08297043318817328,0.08092948717948718,0.03685311029796132,0.07964601769911513,2010
2010-03-31,1,5486,4363,1248,3826,1.13,-0.07549713515335356,-0.031090384188318897,0.3639344262295082,-0.2893759286775632,0.3780487804878048,2010
2009-12-31,4,5934,4503,915,5384,0.82,0.0668824163969795,-0.0015521064301552106,-0.028662420382165606,0.3890608875128999,-0.046511627906976785,2009
2009-09-30,3,5562,4510,942,3876,0.86,0.05082184016625732,0.0379746835443038,-0.18723037100949094,0.048701298701298704,-0.1886792452830189,2009
2009-06-30,2,5293,4345,1159,3696,1.06,0.0487418268278185,0.026943984873552353,-0.1172886519421173,0.1223808077740662,-0.11666666666666659,2009
2009-03-31,1,5047,4231,1313,3293,1.2,0.0,0.0,0.0,0.0,0.0,2009
