Date,Quarter,Total Revenue,Gross Profit,Net Income,Total Operating Expenses,EPS,Total Revenue Gr,Gross Profit Gr,Net Income Gr,Total Operating Expenses Gr,EPS Gr,Year
2023-03-31,1,15126,2046,1689,13089,6.61,-0.20351745563688062,-0.11120764552562988,-0.11663179916317992,-0.21613366870283868,-0.10068027210884345,2023
2022-12-31,4,18991,2302,1912,16698,7.35,0.14520894892359645,0.08584905660377358,0.07536557930258718,0.15765391014975041,0.09538002980625927,2022
2022-09-30,3,16583,2120,1778,14424,6.71,0.07361129094911303,0.08384458077709611,4.7540453074433655,0.06979158940888526,4.7844827586206895,2022
2022-06-30,2,15446,1956,309,13483,1.16,0.032210638866613205,0.02462022001047669,-0.8216964800923254,0.03468651676770777,-0.8198757763975155,2022
2022-03-31,1,14964,1909,1733,13031,6.44,-0.15595916295335327,-0.21180842279108175,-0.15422157149829185,-0.146850857666623,-0.13788487282463177,2022
2021-12-31,4,17729,2422,2049,15274,7.47,0.10612677813825805,0.052128583840139006,2.3371335504885993,0.11213047910295616,2.3800904977375565,2021
2021-09-30,3,16028,2302,614,13734,2.21,-0.05878207763227435,0.0701999070199907,-0.6617079889807163,-0.07434117409179754,-0.661042944785276,2021
2021-06-30,2,17029,2151,1815,14837,6.52,0.047422807233362035,-0.016010978956999086,-0.011976047904191617,0.05406365444728616,-0.0060975609756097615,2021
2021-03-31,1,16258,2186,1837,14076,6.56,-0.04544387036167215,-0.012646793134598013,0.025111607142857144,-0.0452418096723869,0.028213166144200583,2021
2020-12-31,4,17032,2214,1792,14743,6.38,0.032555319793876936,0.03651685393258427,0.05535924617196702,0.027529969333705048,0.05454545454545456,2020
2020-09-30,3,16495,2136,1698,14348,6.05,0.016954377311960544,-0.034794396746497966,0.04428044280442804,0.015140795245507287,0.044905008635578544,2020
2020-06-30,2,16220,2213,1626,14134,5.79,0.03635550444061082,0.05834528933524629,-0.0529994175888177,0.04471875230985291,-0.047697368421052634,2020
2020-03-31,1,15651,2091,1717,13529,6.08,-0.014296510895578788,-0.015073009891662742,0.14619492656875835,-0.014567703401558744,0.14716981132075477,2020
2019-12-31,4,15878,2123,1498,13729,5.3,0.04660206973831652,0.029083858458555503,-0.06840796019900497,0.050742384815551815,-0.06360424028268556,2019
2019-09-30,3,15171,2063,1608,13066,5.66,0.05156997296735288,0.035122930255895635,0.1323943661971831,0.05209759239874386,0.13200000000000003,2019
2019-06-30,2,14427,1993,1420,12419,5.0,0.00634765625,-0.08912248628884827,-0.16666666666666666,0.0303658840122791,-0.16527545909849753,2019
2019-03-31,1,14336,2188,1704,12053,5.99,-0.00520435778224967,0.1266735324407827,0.3599361532322426,-0.04036624203821656,0.36757990867579915,2019
2018-12-31,4,14411,1942,1253,12560,4.38,0.006495320575499371,0.010931806350858927,-0.1493550577053632,0.01659247268312424,-0.1478599221789883,2018
2018-09-30,3,14318,1921,1473,12355,5.14,0.06866696521868935,0.09583571021106674,0.26655202063628547,0.0648108247866931,0.26913580246913577,2018
2018-06-30,2,13398,1753,1163,11603,4.05,0.15152556940266437,0.05729794933655006,0.005185825410544511,0.17083753784056507,0.007462686567164241,2018
2018-03-31,1,11635,1658,1157,9910,4.02,-0.1595637099104305,-0.02984201287302516,-2.5551075268817205,-0.16687683900798655,-2.5826771653543306,2018
2017-12-31,4,13844,1709,-744,11895,-2.54,0.12178915809091646,0.068125,-1.7725856697819315,0.1154351087771943,-1.7650602409638554,2017
2017-09-30,3,12341,1600,963,10664,3.32,-0.017670938470110642,-0.033816425120772944,0.008376963350785341,-0.01687102424633539,0.012195121951219523,2017
2017-06-30,2,12563,1656,955,10847,3.28,0.12049589725294327,0.17780938833570412,0.21039290240811154,0.10570846075433231,0.21933085501858732,2017
2017-03-31,1,11212,1406,789,9810,2.69,-0.18718283311584746,-0.1690307328605201,-0.08149010477299184,-0.18433524569718135,-0.0756013745704468,2017
2016-12-31,4,13794,1692,859,12027,2.91,0.19418232187689377,0.22254335260115607,-0.6413361169102296,0.20716651610960554,-0.6330390920554855,2016
2016-09-30,3,11551,1384,2395,9963,7.93,-0.0022458322536062884,0.12520325203252033,1.345739471106758,-0.023426779062928837,1.3885542168674698,2016
2016-06-30,2,11577,1230,1021,10202,3.32,0.1166087962962963,0.1232876712328767,0.13697104677060135,0.10770901194353963,0.1408934707903779,2016
2016-03-31,1,10368,1095,898,9210,2.91,0.1887181839027746,0.43889618922470436,-0.03751339764201501,0.15081844308384357,-0.03322259136212613,2016
2015-12-31,4,8722,761,933,8003,3.01,-0.13300198807157057,-0.3062898814949863,0.07861271676300578,-0.09754172304916554,0.08664259927797825,2015
2015-09-30,3,10060,1097,865,8868,2.77,-0.13596152194451602,-0.199854121079504,-0.0688912809472551,-0.130417728966464,-0.057823129251700654,2015
2015-06-30,2,11643,1371,929,10198,2.94,0.15151814855108298,0.0855106888361045,0.05808656036446469,0.16482010279840092,0.0729927007299269,2015
2015-03-31,1,10111,1263,878,8755,2.74,0.47047702152414195,0.8146551724137931,-0.028761061946902654,0.43195943735688586,-0.028368794326241006,2015
2014-12-31,4,6876,696,904,6114,2.82,-0.3813208565772899,-0.4541176470588235,0.018018018018018018,-0.3711170541040938,0.02173913043478263,2014
2014-09-30,3,11114,1275,888,9722,2.76,-0.016982133380505925,-0.049217002237136466,-0.0011248593925759281,-0.015991902834008098,0.0,2014
2014-06-30,2,11306,1341,889,9880,2.76,0.0615962441314554,-0.02188183807439825,-0.04715969989281887,0.07181601215014102,-0.03832752613240429,2014
2014-03-31,1,10650,1371,933,9218,2.87,-0.07656290644238273,0.8577235772357723,0.9118852459016393,-0.1384241517898869,0.9133333333333334,2014
2013-12-31,4,11533,738,488,10699,1.5,0.0163919978849035,-0.3766891891891892,-0.44100801832760594,0.06004161299910829,-0.4360902255639098,2013
2013-09-30,3,11347,1184,873,10093,2.66,-0.005347124824684432,-0.032679738562091505,0.01629802095459837,-0.0016815034619188922,0.007575757575757582,2013
2013-06-30,2,11408,1224,859,10110,2.64,0.030532971996386632,0.17579250720461095,0.1287779237844941,0.015978293638830268,0.1330472103004292,2013
2013-03-31,1,11070,1041,761,9951,2.33,-0.08504835110339698,0.04623115577889447,0.3374340949033392,-0.09847798514223591,0.339080459770115,2013
2012-12-31,4,12099,995,569,11038,1.74,0.019378212149296487,-0.024509803921568627,-0.2173314993122421,0.028512858740216175,-0.21266968325791855,2012
2012-09-30,3,11869,1020,727,10732,2.21,-0.004362050163576881,-0.1296928327645051,-0.06914212548015365,0.0002796159940348588,-0.0714285714285714,2012
2012-06-30,2,11921,1172,781,10729,2.38,0.055609669706898075,0.16154608523290387,0.1691616766467066,0.04683383744755586,0.17241379310344834,2012
2012-03-31,1,11293,1009,668,10249,2.03,-0.07517811809024649,-0.01848249027237354,-0.021961932650073207,-0.07575074398052124,-0.01932367149758456,2012
2011-12-31,4,12211,1028,683,11089,2.07,0.007591385427840581,0.0321285140562249,-0.024285714285714285,0.0009929590178732624,-0.014285714285714403,2011
2011-09-30,3,12119,996,700,11078,2.1,0.04990037252014208,0.09933774834437085,-0.05660377358490566,0.05004739336492891,-0.018691588785046745,2011
2011-06-30,2,11543,906,742,10550,2.14,0.0862977602108037,0.11302211302211303,0.4,0.08072116369596394,0.42666666666666675,2011
2011-03-31,1,10626,814,530,9762,1.5,-0.16403115411848004,-0.2712623097582811,-0.44849115504682624,-0.15377947295423022,-0.4318181818181818,2011
2010-12-31,4,12711,1117,961,11536,2.64,0.12060301507537688,0.4157160963244613,0.7160714285714286,0.1022358111981655,0.7142857142857143,2010
2010-09-30,3,11343,789,560,10466,1.54,0.005585106382978724,-0.24280230326295585,-0.32038834951456313,0.029611411706837187,-0.30630630630630634,2010
2010-06-30,2,11280,1042,824,10165,2.22,0.09122569410854213,0.16294642857142858,0.5459662288930581,0.08149803170550059,0.5744680851063833,2010
2010-03-31,1,10337,896,533,9399,1.41,-0.11308451308451309,-0.21678321678321677,-0.3131443298969072,-0.10408921933085502,-0.29850746268656714,2010
2009-12-31,4,11655,1144,776,10491,2.01,0.08247422680412371,0.16024340770791076,-0.026348808030112924,0.08165790287658521,-0.02898550724637684,2009
2009-09-30,3,10767,986,797,9699,2.07,-0.027546965317919076,-0.025691699604743084,0.08583106267029973,-0.029517710626375825,0.10106382978723402,2009
2009-06-30,2,11072,1012,734,9994,1.88,0.06738648414152126,0.006965174129353234,0.1021021021021021,0.07277801631601545,0.11904761904761903,2009
2009-03-31,1,10373,1005,666,9316,1.68,0.0,0.0,0.0,0.0,0.0,2009
