Date,Quarter,Total Revenue,Gross Profit,Net Income,Total Operating Expenses,EPS,Total Revenue Gr,Gross Profit Gr,Net Income Gr,Total Operating Expenses Gr,EPS Gr,Year
2022-01-31,1,7763,5304,1480,6104,1.1,-0.010704727921498661,-0.008598130841121496,0.12890922959572845,-0.02864417568427753,0.13402061855670117,2022
2021-10-31,4,7847,5350,1311,6284,0.97,-0.017528483786152498,-0.007236964186305437,0.7182175622542595,-0.11840628507295174,0.732142857142857,2021
2021-07-31,3,7987,5389,763,7128,0.56,-0.024548119198827552,-0.026553468208092484,-0.4389705882352941,0.08262454434993925,-0.43999999999999995,2021
2021-04-30,2,8188,5536,1360,6584,1.0,0.05311897106109325,0.07411719053162592,0.07086614173228346,0.013234841489689135,0.06382978723404262,2021
2021-01-31,1,7775,5154,1270,6498,0.94,0.016738590296848436,0.042897612302711455,1.5971370143149284,-0.03260384100044663,1.6111111111111112,2021
2020-10-31,4,7647,4942,489,6717,0.36,0.1751959428307976,0.23488255872063968,0.004106776180698152,0.1513541309564621,0.0,2020
2020-07-31,3,6507,4002,487,5834,0.36,0.08504252126063032,0.07206000535762122,-0.24613003095975233,0.026931878190459425,-0.23404255319148934,2020
2020-04-30,2,5997,3733,646,5681,0.47,-0.22288454062459506,-0.2979123565920632,-0.66266318537859,-0.06531753866403422,-0.6690140845070423,2020
2020-01-31,1,7717,5317,1915,6078,1.42,0.0014274591227614846,0.0009412650602409639,0.4039589442815249,-0.04358772619984264,0.40594059405940586,2020
2019-10-31,4,7706,5312,1364,6355,1.01,0.028426531429334045,0.03608347961771016,0.5787037037037037,0.05775632490013315,0.578125,2019
2019-07-31,3,7493,5127,864,6008,0.64,-0.08016204272035354,-0.0946494790746954,-0.2627986348122867,-0.03096774193548387,-0.25581395348837205,2019
2019-04-30,2,8146,5663,1172,6200,0.86,0.0795123244102836,0.0723347850785836,-0.0764381402679275,0.03264490339773484,-0.08510638297872336,2019
2019-01-31,1,7546,5281,1269,6004,0.94,0.008688677984226708,0.0005683971201212581,0.13811659192825113,0.011285160855651002,0.14634146341463414,2019
2018-10-31,4,7481,5278,1115,5937,0.82,0.013136511375947995,0.01891891891891892,0.037209302325581395,-0.03432010409889395,0.03797468354430369,2018
2018-07-31,3,7384,5180,1075,6148,0.79,-0.09332023575638507,-0.09850330664810303,-0.2636986301369863,-0.010939510939510939,-0.26851851851851855,2018
2018-04-30,2,8144,5746,1460,6216,1.08,0.10517030804722487,0.11033816425120772,-2.051115910727142,0.04769930894994101,-2.0485436893203888,2018
2018-01-31,1,7369,5175,-1389,5933,-1.03,0.04524822695035461,0.050334889385021314,-1.6886465047099652,0.15069821567106284,-1.6959459459459458,2018
2017-10-31,4,7050,4927,2017,5156,1.48,-0.046008119079837616,-0.02203255260023819,0.985236220472441,-0.1418109187749667,1.0,2017
2017-07-31,3,7390,5038,1016,6008,0.74,-0.0664477008590197,-0.08015336863246303,-0.12639724849527084,-0.03594351732991014,-0.11904761904761903,2017
2017-04-30,2,7916,5477,1163,6232,0.84,0.08691473293972264,0.09212362911266202,0.4165651644336175,0.01564537157757497,0.42372881355932207,2017
2017-01-31,1,7283,5015,821,6136,0.59,-0.008441116405718176,-0.0007969715082685794,-0.26367713004484306,0.02953020134228188,-0.26250000000000007,2017
2016-10-31,4,7345,5019,1115,5960,0.8,0.024979067820262348,0.023241590214067277,0.20021528525296017,-0.006501083513918987,0.21212121212121213,2016
2016-07-31,3,7166,4905,929,5999,0.66,-0.05299326020880137,-0.05745580322828593,-0.15775158658204896,0.0011682242990654205,-0.15384615384615383,2016
2016-04-30,2,7567,5204,1103,5992,0.78,0.0912892991058552,0.08575005215939913,0.0073059360730593605,0.0740276035131744,0.012987012987012998,2016
2016-01-31,1,6934,4793,1095,5579,0.77,-0.017568716350240862,-0.017022149302707137,1.1057692307692308,-0.031087183049670026,1.138888888888889,2016
2015-10-31,4,7058,4876,520,5758,0.36,-0.029694803409403354,0.012038190120381901,-0.36585365853658536,-0.06267296109392805,-0.3684210526315789,2015
2015-07-31,3,7274,4818,820,6143,0.57,-0.004107338444687842,0.10251716247139588,-821.0,-0.14023792862141357,-3.1111111111111107,2015
2015-04-30,2,7304,4370,-1,7145,-0.27,0.6915238536359426,0.36990595611285265,-1.0010235414534288,1.3480118304304962,-1.2755102040816326,2015
2015-01-31,1,4318,3190,977,3043,0.98,-0.010994044892349977,-0.01054590570719603,0.17995169082125603,-0.04097069019855027,0.1807228915662651,2015
2014-10-31,4,4366,3224,828,3173,0.83,0.02176456821904985,0.017676767676767676,-0.04936854190585534,0.01244416081684748,-0.045977011494252915,2014
2014-07-31,3,4273,3168,871,3134,0.87,-0.06396495071193867,-0.06658809664113141,0.9441964285714286,-0.2643192488262911,0.9333333333333332,2014
2014-04-30,2,4565,3394,448,4260,0.45,0.09656497717991833,0.09026662383552843,-0.4120734908136483,0.3575525812619503,-0.39999999999999997,2014
2014-01-31,1,4163,3113,762,3138,0.75,-0.007391511683357177,0.0028994845360824743,-0.15521064301552107,0.050200803212851405,-0.15730337078651688,2014
2013-10-31,4,4194,3104,902,2988,0.89,0.02718589272593681,0.014047696831100947,-0.053515215110178385,0.06486101211689238,-0.04301075268817208,2013
2013-07-31,3,4083,3061,953,2806,0.93,-0.08452914798206278,-0.07967528562838244,-0.016511867905056758,-0.14163352707249924,-0.010638297872340318,2013
2013-04-30,2,4460,3326,969,3269,0.94,0.10752421157188974,0.09841479524438573,-0.019230769230769232,0.16375934496262015,-0.03092783505154642,2013
2013-01-31,1,4027,3028,988,2809,0.97,-0.016605616605616606,-0.015284552845528456,0.5294117647058824,-0.034376074252320386,0.5396825396825397,2013
2012-10-31,4,4095,3075,646,2909,0.63,0.021706586826347306,0.013179571663920923,-0.2523148148148148,0.021418539325842697,-0.24096385542168672,2012
2012-07-31,3,4008,3035,864,2848,0.83,-0.06725622527344659,-0.06615384615384616,-0.12727272727272726,-0.07592472420506165,-0.11702127659574467,2012
2012-04-30,2,4297,3250,990,3082,0.94,0.09673302705461971,0.08804820890525611,0.058823529411764705,0.11464737793851718,0.06818181818181812,2012
2012-01-31,1,3918,2987,935,2765,0.88,-0.02609992542878449,-0.024812275546849494,0.07347876004592423,-0.013204853675945753,0.07317073170731714,2012
2011-10-31,4,4023,3063,871,2802,0.82,0.019513431322858592,0.02270450751252087,0.06090133982947625,0.005382131324004306,0.06493506493506485,2011
2011-07-31,3,3946,2995,821,2787,0.77,-0.00729559748427673,-0.02220045706823376,0.05798969072164949,-0.0688272636151019,0.0694444444444445,2011
2011-04-30,2,3975,3063,776,2993,0.72,0.030593725693544207,0.04789599726308587,-0.16017316017316016,0.1044280442804428,-0.16279069767441862,2011
2011-01-31,1,3857,2923,924,2710,0.86,-0.011785805790417627,-0.00645819170632223,0.6325088339222615,-0.03695806680881308,0.6538461538461537,2011
2010-10-31,4,3903,2942,566,2814,0.52,0.03445534057778956,0.021527777777777778,-0.3180722891566265,0.044543429844097995,-0.3157894736842105,2010
2010-07-31,3,3773,2880,830,2694,0.76,0.0007957559681697613,-0.03614457831325301,-0.13089005235602094,-0.007369196757553427,-0.11627906976744183,2010
2010-04-30,2,3770,2988,955,2714,0.86,-0.021033497792781096,0.01667233752977203,0.14921780986762936,0.05030959752321981,0.14666666666666664,2010
2010-01-31,1,3851,2939,831,2584,0.75,0.0033871808233454925,0.007887517146776405,-0.04262672811059908,-0.011476664116296864,-0.03846153846153849,2010
2009-10-31,4,3838,2916,868,2614,0.78,-0.024154589371980676,-0.017189079878665317,0.950561797752809,-0.0549530007230658,0.95,2009
2009-07-31,3,3933,2967,445,2766,0.4,0.027161138678506138,0.02416292716603383,3.3627450980392157,-0.1271694540864626,3.0000000000000004,2009
2009-04-30,2,3829,2897,102,3169,0.1,0.09587864911276474,0.09486016628873772,-0.8538681948424068,0.26054097056483694,-0.8387096774193549,2009
2009-01-31,1,3494,2646,698,2514,0.62,0.0,0.0,0.0,0.0,0.0,2009
