Date,Quarter,Total Revenue,Gross Profit,Net Income,Total Operating Expenses,EPS,Total Revenue Gr,Gross Profit Gr,Net Income Gr,Total Operating Expenses Gr,EPS Gr,Year
2022-12-31,4,12749,11898,2113,9955,1.26,-0.018250423533035576,-0.01985336518658868,-0.15276663993584602,0.03719524901021046,-0.14285714285714285,2022
2022-09-30,3,12986,12139,2494,9598,1.47,-0.011117879987816022,-0.009384690713236494,0.04307820995399415,-0.02190971160705187,0.05755395683453243,2022
2022-06-30,2,13132,12254,2391,9813,1.39,-0.11276265117221809,-0.11962066240390833,-0.32495765104460755,-0.03916576911779105,-0.31188118811881194,2022
2022-03-31,1,14801,13919,3542,10213,2.02,0.019071881024511152,0.015022241668489754,-0.013919821826280624,0.05943983402489626,0.004975124378109568,2022
2021-12-31,4,14524,13713,3592,9640,2.01,-0.015522266657628956,-0.015436530729465825,0.002232142857142857,-0.024192732057900596,0.015151515151515053,2021
2021-09-30,3,14753,13928,3584,9879,1.98,-0.000406531607832509,-0.0025780578630764826,0.051643192488262914,-0.03080545472383008,0.0702702702702702,2021
2021-06-30,2,14759,13964,3408,10193,1.85,-0.061072587314714676,-0.057059896009183604,-0.14414866901054746,-0.017542168674698794,-0.15525114155251135,2021
2021-03-31,1,15719,14809,3982,10375,2.19,0.15606383761123777,0.1550581077919039,0.21922841396203308,0.13177702628995308,0.19672131147540975,2021
2020-12-31,4,13597,12821,3266,9167,1.83,0.16005460284958622,0.16300798258345428,0.2576049287639584,0.11331066310420208,0.10240963855421696,2020
2020-09-30,3,11721,11024,2597,8234,1.66,-0.14194729136163983,-0.14833127317676142,-0.14768624876928127,-0.11509940891993552,-0.15306122448979595,2020
2020-06-30,2,13660,12944,3047,9305,1.96,0.39687084568974335,0.4320168160194712,0.9163522012578617,0.21904886676274074,0.9405940594059405,2020
2020-03-31,1,9779,9039,1590,7633,1.01,-0.1090561224489796,-0.12607560669051532,-0.23741007194244604,-0.07400218367099357,-0.2230769230769231,2020
2019-12-31,4,10976,10343,2085,8243,1.3,0.09409888357256778,0.10090473656200107,0.012135922330097087,0.1257853045615952,0.02362204724409451,2019
2019-09-30,3,10032,9395,2060,7322,1.27,-0.02069504099960953,-0.022779280216351155,0.014278680452978828,-0.002588203242065114,0.032520325203252064,2019
2019-06-30,2,10244,9614,2031,7341,1.23,-0.00408321991055804,-0.008150211492829877,-0.1305650684931507,0.0013640703860319193,-0.1151079136690647,2019
2019-03-31,1,10286,9693,2336,7331,1.39,0.2033224145999064,0.21924528301886792,0.7163850110213079,0.09565087430877298,0.7160493827160491,2019
2018-12-31,4,8548,7950,1361,6691,0.81,-0.13411669367909237,-0.14635455814452916,-0.32590391282813275,-0.04700185158809286,-0.3076923076923076,2018
2018-09-30,3,9872,9313,2019,7021,1.17,-0.06955702167766259,-0.06879312068793121,-0.10939567710630789,-0.06399146780429277,-0.10000000000000009,2018
2018-06-30,2,10610,10001,2267,7501,1.3,-0.04215942944840661,-0.04296650717703349,-0.1196116504854369,-0.02037351443123939,-0.10344827586206891,2018
2018-03-31,1,11077,10450,2575,7657,1.45,0.166,0.16590427312283834,4.443974630021142,0.08934414568217385,4.37037037037037,2018
2017-12-31,4,9500,8963,473,7029,0.27,0.03294552571490703,0.03319884726224784,-0.7197867298578199,0.046760982874162325,-0.7096774193548387,2017
2017-09-30,3,9197,8675,1688,6715,0.93,-0.03220035778175313,-0.033749164624638006,0.06364209199747953,-0.021279696837195744,0.06896551724137938,2017
2017-06-30,2,9503,8978,1587,6861,0.87,-0.024833247819394562,-0.02793417063663924,-0.1375,-0.010955744558166355,-0.13,2017
2017-03-31,1,9745,9236,1840,6937,1.0,0.08025717769648598,0.0813722046598759,0.2185430463576159,0.023911439114391145,0.23456790123456783,2017
2016-12-31,4,9021,8541,1510,6775,0.81,0.012571556852620945,0.014611546685673557,-0.005270092226613966,0.037837009803921566,0.0,2016
2016-09-30,3,8909,8418,1518,6528,0.81,0.0,-0.0008308605341246291,0.06526315789473684,0.015873015873015872,0.08000000000000007,2016
2016-06-30,2,8909,8425,1425,6426,0.75,0.14335215605749488,0.14985669441790636,0.35071090047393366,0.061446977205153616,0.36363636363636354,2016
2016-03-31,1,7792,7327,1055,6054,0.55,0.00697854742827604,0.006317813487158357,0.40106241699867196,-0.03889506270836641,0.4102564102564103,2016
2015-12-31,4,7738,7281,753,6299,0.39,-0.0037337453328183338,-0.00013732491073880802,-0.19808306709265175,0.0009534403305259812,-0.18749999999999994,2015
2015-09-30,3,7767,7282,939,6293,0.48,-0.20281227547983166,-0.21326707000864303,-0.436036036036036,-0.10305017103762827,-0.43529411764705883,2015
2015-06-30,2,9743,9256,1665,7016,0.85,-0.016553951751286967,-0.019906819144430325,-0.280466724286949,-0.005104934770277935,-0.2796610169491525,2015
2015-03-31,1,9907,9444,2314,7052,1.18,0.2760175167439464,0.2944078947368421,-2.325315005727377,-0.34062646096306687,-2.325842696629213,2015
2014-12-31,4,7764,7296,-1746,10695,-0.89,-0.12832603570225665,-0.1386068476977568,-2.0718232044198897,0.5993719156572453,-2.072289156626506,2014
2014-09-30,3,8907,8470,1629,6687,0.83,0.03473513011152416,0.0392638036809816,-0.10494505494505495,0.0016476932294787298,-0.09782608695652183,2014
2014-06-30,2,8608,8150,1820,6676,0.92,-0.04313028012449978,-0.047117970302817724,0.2560386473429952,0.007546030787805615,0.2432432432432433,2014
2014-03-31,1,8996,8553,1449,6626,0.74,0.14278455284552846,0.1463610776035384,39.25,-0.17771159096550013,36.0,2014
2013-12-31,4,7872,7461,36,8058,0.02,-0.010558069381598794,-0.010477453580901857,-0.9590909090909091,0.2225762403277196,-0.9555555555555555,2013
2013-09-30,3,7956,7540,880,6591,0.45,-0.06564885496183206,-0.06440004963394962,0.0958904109589041,-0.019050453936597708,0.09756097560975618,2013
2013-06-30,2,8515,8059,803,6719,0.41,0.04478527607361963,0.04364154364154364,-0.1420940170940171,0.023146033196284454,-0.14583333333333334,2013
2013-03-31,1,8150,7722,936,6567,0.48,0.15898748577929464,0.15876350540216086,0.6363636363636364,0.07797110965200263,0.6,2013
2012-12-31,4,7032,6664,572,6092,0.3,0.33181818181818185,0.3541963015647226,-1.5463228271251195,-0.09921632411651633,-1.5454545454545454,2012
2012-09-30,3,5280,4921,-1047,6763,-0.55,-0.2394122731201383,-0.24720819947988373,-2.856382978723404,0.12622814321398834,-2.8965517241379315,2012
2012-06-30,2,6942,6537,564,6005,0.29,0.0025996533795493936,0.002453611409293053,-5.739495798319328,-0.10666468313002082,-5.833333333333333,2012
2012-03-31,1,6924,6521,-119,6722,-0.06,0.22853087295954577,0.24044131634011795,-0.5492424242424242,0.10522854324235449,0.4999999999999999,2012
2011-12-31,4,5636,5257,-264,6082,-0.04,-0.4254841997961264,-0.43877442083911605,-1.1226196005573619,-0.007020408163265306,-1.0347826086956522,2011
2011-09-30,3,9810,9367,2153,6125,1.15,0.06549364613880743,0.06479481641468683,-4.858422939068101,-0.15365482934917785,-4.026315789473684,2011
2011-06-30,2,9207,8797,-558,7237,-0.38,0.21560602059677844,0.22640457270319253,-1.7581521739130435,0.08451970627903492,-1.76,2011
2011-03-31,1,7574,7173,736,6673,0.5,0.021443020903573837,0.017446808510638297,0.05747126436781609,0.07007697241821681,-0.1935483870967742,2011
2010-12-31,4,7415,7050,696,6236,0.62,0.09365781710914454,0.09336228287841192,-8.648351648351648,0.04298377655126275,-9.857142857142856,2010
2010-09-30,3,6780,6448,-91,5979,-0.07,-0.14856209971116413,-0.1506849315068493,-1.0576679340937896,-0.04488817891373802,-1.0642201834862386,2010
2010-06-30,2,7963,7592,1578,6260,1.09,-0.12224426807760141,-0.12975699220541037,0.11835577604535791,-0.04529510446850694,0.1010101010101011,2010
2010-03-31,1,9072,8724,1411,6557,0.99,0.350401905328967,0.3786346396965866,2.289044289044289,0.11760695415033237,0.9038461538461537,2010
2009-12-31,4,6718,6328,429,5867,0.52,-0.20666036844591404,-0.22668947818648416,-0.13855421686746988,-0.1588530465949821,0.368421052631579,2009
2009-09-30,3,8468,8183,498,6975,0.38,0.6294015778333654,0.6598377281947262,-1.3964968152866242,0.20653866113129216,-1.3454545454545452,2009
2009-06-30,2,5197,4930,-1256,5781,-1.1,0.7939247497411115,0.8610796526991318,1.1730103806228374,0.6390700311879784,0.9298245614035091,2009
2009-03-31,1,2897,2649,-578,3527,-0.57,0.0,0.0,0.0,0.0,0.0,2009
