Date,Quarter,Total Revenue,Gross Profit,Net Income,Total Operating Expenses,EPS,Total Revenue Gr,Gross Profit Gr,Net Income Gr,Total Operating Expenses Gr,EPS Gr,Year
2022-09-30,3,6719,4786,1696,4857,0.86,0.29635346324522477,0.3316638842515303,0.2289855072463768,0.14687131050767416,0.22857142857142862,2022
2022-06-30,2,5183,3594,1380,4235,0.7,0.7934256055363322,1.358267716535433,-4.059866962305986,0.15552523874488403,-4.0434782608695645,2022
2022-03-31,1,2890,1524,-451,3665,-0.23,-0.4272691240586603,-0.6103298389158783,-1.3745847176079735,-0.007044161473855324,-1.3770491803278688,2022
2021-12-31,4,5046,3911,1204,3691,0.61,0.15469107551487415,0.3093404753933713,1.6935123042505593,-0.07516913054372337,1.6521739130434783,2021
2021-09-30,3,4370,2987,447,3991,0.23,0.1128087598675834,0.05771954674220963,0.74609375,0.16798361135498976,0.7692307692307693,2021
2021-06-30,2,3927,2824,256,3417,0.13,0.05394524959742351,0.0014184397163120568,-0.8463385354141657,0.11776251226692837,-0.8452380952380952,2021
2021-03-31,1,3726,2820,1666,3057,0.84,-0.1522184300341297,-0.19863597612958228,-278.6666666666667,-0.11493920092646208,0.4999999999999998,2021
2020-12-31,4,4395,3519,-6,3454,0.56,-0.08150470219435736,-0.042188350571584106,-1.0048820179007323,-0.08551760656605772,-0.09677419354838701,2020
2020-09-30,3,4785,3674,1229,3777,0.62,0.13820171265461464,0.05787503599193781,-0.03607843137254902,0.2514910536779324,-0.04615384615384619,2020
2020-06-30,2,4204,3473,1275,3018,0.65,-0.08866247561239975,-0.08412447257383966,2.0285035629453683,0.1466565349544073,2.095238095238096,2020
2020-03-31,1,4613,3792,421,2632,0.21,0.005668192718552431,0.07391673746813934,-0.5686475409836066,-0.2903747640873551,-0.5800000000000001,2020
2019-12-31,4,4587,3531,976,3709,0.5,-0.1767767408470926,-0.17998142127264283,0.11035267349260523,-0.06785624528776074,0.11111111111111108,2019
2019-09-30,3,5572,4306,879,3979,0.45,0.12112676056338029,0.10523613963039015,-0.28768233387358183,0.23456407074154514,-0.296875,2019
2019-06-30,2,4970,3896,1234,3223,0.64,0.2196319018404908,0.25353925353925355,0.8147058823529412,0.09625850340136054,0.8285714285714287,2019
2019-03-31,1,4075,3108,680,2940,0.35,-0.07196538373946709,-0.10043415340086831,0.6152019002375297,-0.10475030450669914,0.6666666666666666,2019
2018-12-31,4,4391,3455,421,3284,0.21,-0.005661231884057971,0.03660366036603661,-0.5810945273631841,-0.04756380510440835,-0.6037735849056605,2018
2018-09-30,3,4416,3333,1005,3448,0.53,0.0868816145705144,0.05175134111707163,0.28681177976952626,0.1820363387041481,0.325,2018
2018-06-30,2,4063,3169,781,2917,0.4,0.05340938553279751,0.043120473996050034,-0.8237418190024826,0.04253037884203002,-0.8283261802575108,2018
2018-03-31,1,3857,3038,4431,2798,2.33,-0.033091000250689395,0.008967120557954168,1.0542420027816413,-0.26465177398160317,1.0438596491228072,2018
2017-12-31,4,3989,3011,2157,3805,1.14,-0.17034109816971713,-0.17098017621145375,1.5466351829988194,0.10066531674862597,1.5333333333333332,2017
2017-09-30,3,4808,3632,847,3457,0.45,0.09173478655767484,0.07265209686946249,0.06809583858764187,0.10517902813299233,0.0714285714285715,2017
2017-06-30,2,4404,3386,793,3128,0.42,0.10876132930513595,0.10185486495281484,-0.4990524320909665,0.9428571428571428,-0.5,2017
2017-03-31,1,3972,3073,1583,1610,0.84,0.07905460472697637,0.09985683607730853,0.6489583333333333,-0.4455922865013774,0.6470588235294117,2017
2016-12-31,4,3681,2794,960,2904,0.51,-0.23392299687825183,-0.22129319955406912,0.2749003984063745,-0.17640385706182643,0.24390243902439035,2016
2016-09-30,3,4805,3588,753,3526,0.41,0.2588420225307833,0.255862793139657,0.39444444444444443,0.33157099697885195,0.41379310344827586,2016
2016-06-30,2,3817,2857,540,2648,0.29,-0.00469361147327249,-0.01719986240110079,-0.17304747320061256,0.018069973087274125,-0.17142857142857143,2016
2016-03-31,1,3835,2907,653,2601,0.35,-0.05773955773955774,0.004492052522460262,0.2879684418145957,-0.18566061365059486,0.2962962962962961,2016
2015-12-31,4,4070,2894,507,3194,0.27,-0.17844166330238193,-0.1688684663986215,-0.4232081911262799,-0.08033400518283905,-0.43749999999999994,2015
2015-09-30,3,4954,3482,879,3473,0.48,0.1367599816429555,0.14464168310322156,0.2276536312849162,0.08125778331257784,0.1999999999999999,2015
2015-06-30,2,4358,3042,716,3212,0.4,0.06189083820662768,0.10981393651951843,0.10153846153846154,0.07966386554621849,0.11111111111111122,2015
2015-03-31,1,4104,2741,650,2975,0.36,-0.12006861063464837,-0.1933490288404944,-0.2638731596828992,-0.05012771392081737,-0.28,2015
2014-12-31,4,4664,3398,883,3132,0.5,0.0021486892995272885,0.10038860103626943,0.3378787878787879,-0.10283586364938413,0.3157894736842105,2014
2014-09-30,3,4654,3088,660,3491,0.38,0.1551253412757508,0.16265060240963855,0.34146341463414637,0.1341780376868096,0.35714285714285704,2014
2014-06-30,2,4029,2656,492,3078,0.28,0.09662493195427327,0.16644707949055776,0.14418604651162792,0.048365122615803814,0.1200000000000001,2014
2014-03-31,1,3674,2277,430,2936,0.25,0.012121212121212121,-0.06565449322938038,0.31097560975609756,-0.017731682837069253,0.3157894736842105,2014
2013-12-31,4,3630,2437,328,2989,0.19,-0.17387346381429222,-0.17557510148849798,-0.5300859598853869,-0.06855718292302898,-0.5365853658536585,2013
2013-09-30,3,4394,2956,698,3209,0.41,0.14636055309157317,0.1497471800855698,0.14426229508196722,0.12517531556802244,0.13888888888888887,2013
2013-06-30,2,3833,2571,610,2852,0.36,0.1689539493748094,0.16124661246612465,1.2426470588235294,0.002460456942003515,1.2499999999999998,2013
2013-03-31,1,3279,2214,272,2845,0.16,-0.028444444444444446,0.007279344858962694,-0.3644859813084112,0.07602118003025718,-0.38461538461538464,2013
2012-12-31,4,3375,2198,428,2644,0.26,-0.12177985948477751,-0.0513595166163142,0.03132530120481928,-0.1473718155433731,0.040000000000000036,2012
2012-09-30,3,3843,2317,415,3101,0.25,0.047995636760294516,-0.04689428218839983,-0.3163097199341021,0.16272965879265092,-0.3055555555555555,2012
2012-06-30,2,3667,2431,607,2667,0.36,0.08780777217442895,0.11055276381909548,0.31670281995661603,0.038551401869158876,0.28571428571428553,2012
2012-03-31,1,3371,2189,461,2568,0.28,-0.1275879917184265,-0.11733870967741936,-0.30988023952095806,-0.09863109863109863,-0.3,2012
2011-12-31,4,3864,2480,668,2849,0.4,-0.1182108626198083,0.003642250101173614,0.6412776412776413,-0.17919907807548258,0.6666666666666669,2011
2011-09-30,3,4382,2471,407,3471,0.24,0.10628629134057056,0.027870216306156406,-0.2982758620689655,0.13654223968565815,-0.3142857142857143,2011
2011-06-30,2,3961,2404,580,3054,0.35,0.2638800255264837,0.3895953757225434,1.164179104477612,0.1286031042128603,1.1874999999999998,2011
2011-03-31,1,3134,1730,268,2706,0.16,-0.08174626428362144,-0.12004069175991862,0.015151515151515152,-0.08550185873605948,0.0,2011
2010-12-31,4,3413,1966,264,2959,0.16,-0.2724365806864208,-0.27185185185185184,-0.6333333333333333,-0.1702187324733595,-0.6363636363636365,2010
2010-09-30,3,4691,2700,720,3566,0.44,0.3063213589529379,0.2640449438202247,0.7266187050359713,0.23733518390006939,0.76,2010
2010-06-30,2,3591,2136,417,2882,0.25,-0.008558807288790724,-0.06027276726792785,-0.25,0.07417070443533358,-0.26470588235294124,2010
2010-03-31,1,3622,2273,556,2683,0.34,-0.00875752599890531,0.12469074715487383,0.5977011494252874,-0.13367775266386825,0.6190476190476192,2010
2009-12-31,4,3654,2021,348,3097,0.21,-0.18309859154929578,-0.12472932005197054,-0.34709193245778613,-0.14541942604856511,-0.3636363636363637,2009
2009-09-30,3,4473,2309,533,3624,0.33,0.17370768827079508,0.1464746772591857,0.44054054054054054,0.1303805364940736,0.43478260869565216,2009
2009-06-30,2,3811,2014,370,3206,0.23,0.028609986504723347,0.06335797254487856,0.016483516483516484,0.026905829596412557,0.0,2009
2009-03-31,1,3705,1894,364,3122,0.23,0.0,0.0,0.0,0.0,0.0,2009
