Date,Quarter,Total Revenue,Gross Profit,Net Income,Total Operating Expenses,EPS,Total Revenue Gr,Gross Profit Gr,Net Income Gr,Total Operating Expenses Gr,EPS Gr,Year
2022-11-30,4,13315,5711,1331,11728,0.85,0.0494994876645385,0.017097061442564558,-0.09332425068119891,0.06695778748180495,-0.08602150537634416,2022
2022-08-31,3,12687,5615,1468,10992,0.93,0.03702795487984306,0.020352534980919497,0.020152883947185545,0.02099201188928107,0.04494382022471914,2022
2022-05-31,2,12234,5503,1439,10766,0.89,0.12537944991261155,0.08604697059403986,0.030802292263610316,0.1648993724302099,0.022988505747126457,2022
2022-02-28,1,10871,5067,1396,9242,0.87,-0.04279299110680637,-0.028006905812392097,0.044128646222887064,-0.06674745026759568,0.048192771084337394,2022
2021-11-30,4,11357,5213,1337,9903,0.83,-0.07274657086871326,-0.08479634831460674,-0.2865528281750267,-0.021829316475701303,-0.2844827586206896,2021
2021-08-31,3,12248,5696,1874,10124,1.16,-0.007777057679844459,0.007250221043324492,0.24188204108681247,-0.029431502252900008,0.24731182795698908,2021
2021-05-31,2,12344,5655,1509,10431,0.93,0.1918509220816839,0.19834710743801653,0.041407867494824016,0.20186657449014864,0.03333333333333336,2021
2021-02-28,1,10357,4719,1449,8679,0.9,-0.07880458952236948,-0.026408087476789768,0.15827338129496402,-0.10183172927662217,0.15384615384615383,2021
2020-11-30,4,11243,4847,1251,9663,0.78,0.06126109118368888,0.02235815228854672,-0.17588932806324112,0.09458541005890349,-0.17894736842105258,2020
2020-08-31,3,10594,4741,1518,8828,0.95,0.6781245049897038,1.0148746281342966,-2.921518987341772,0.2345126555726472,-2.938775510204082,2020
2020-05-31,2,6313,2353,-790,7151,-0.49,-0.3751979414093428,-0.47395484015202327,-1.9327036599763872,-0.19777877496073593,-1.9245283018867925,2020
2020-02-29,1,10104,4473,847,8914,0.53,-0.02149912841371296,-0.015625,-0.24035874439461882,-0.021084998901822975,-0.24285714285714277,2020
2019-11-30,4,10326,4544,1115,9106,0.7,-0.031332082551594746,-0.0671320057483063,-0.18434528163862474,-0.0012065372381265768,-0.186046511627907,2019
2019-08-31,3,10660,4871,1367,9117,0.86,0.04673998428908091,0.05137060220159724,0.3822042467138524,0.017863123813776933,0.3870967741935484,2019
2019-05-31,2,10184,4633,989,8957,0.62,0.05961918634897513,0.06775754782207882,-0.10172570390554042,0.07102714336960421,-0.08823529411764713,2019
2019-02-28,1,9611,4339,1101,8363,0.68,0.025282696820994238,0.057003654080389765,0.29988193624557263,-0.005706812507430745,0.30769230769230776,2019
2018-11-30,4,9374,4105,847,8411,0.52,-0.057700040209087256,-0.0664089151694337,-0.22435897435897437,-0.023566287439052706,-0.22388059701492538,2018
2018-08-31,3,9948,4397,1092,8614,0.67,0.01624272142200429,0.004339881224303335,-0.0395778364116095,0.009729222834368773,-0.05633802816901398,2018
2018-05-31,2,9789,4378,1137,8531,0.71,0.08960373998219057,0.11173184357541899,-2.234527687296417,0.0918981185204147,-2.245614035087719,2018
2018-02-28,1,8984,3938,-921,7813,-0.57,0.0502688800561141,0.07069059271343121,-2.200782268578879,0.022108843537414966,-2.239130434782609,2018
2017-11-30,4,8554,3678,767,7644,0.46,-0.05689084895259096,-0.07168096920747097,-0.19263157894736843,-0.04018081366147665,-0.19298245614035078,2017
2017-08-31,3,9070,3962,950,7964,0.57,0.04529215166532211,0.03635888046037144,-0.057539682539682536,0.0591834020481447,-0.050000000000000044,2017
2017-05-31,2,8677,3823,1008,7519,0.6,0.02905597722960152,0.019466666666666667,-0.1165644171779141,0.04750626915575369,-0.11764705882352951,2017
2017-02-28,1,8432,3750,1141,7178,0.68,0.03080684596577017,0.03705752212389381,0.35510688836104515,0.015419436978356203,0.3600000000000001,2017
2016-11-30,4,8180,3616,842,7069,0.5,-0.09722988632601258,-0.12296871210283775,-0.32586068855084066,-0.09776643267389917,-0.3150684931506849,2016
2016-08-31,3,9061,4123,1249,7835,0.73,0.09910237748665696,0.0890121500264131,0.47635933806146574,0.08457918050941307,0.4897959183673469,2016
2016-05-31,2,8244,3786,846,7224,0.49,0.026394422310756973,0.026294388723231227,-0.10947368421052632,0.04559270516717325,-0.10909090909090918,2016
2016-02-29,1,8032,3689,950,6909,0.55,0.045016913869372885,0.0536989431590974,0.21019108280254778,0.024314306893995552,0.2222222222222223,2016
2015-11-30,4,7686,3501,785,6745,0.45,-0.08652246256239601,-0.12365456821026283,-0.3341815097540288,-0.03587764436821041,-0.3283582089552239,2015
2015-08-31,3,8414,3995,1179,6996,0.67,0.08163002956678236,0.11188421931533538,0.3630057803468208,0.031706238017991446,0.36734693877551033,2015
2015-05-31,2,7779,3593,865,6781,0.49,0.042761394101876675,0.04874489200233508,0.09355246523388117,0.05738343988772805,0.08888888888888884,2015
2015-02-28,1,7460,3426,791,6413,0.45,0.01084010840108401,0.029756537421100092,0.20763358778625954,-0.012016638422431059,0.21621621621621626,2015
2014-11-30,4,7380,3327,655,6491,0.37,-0.07541969431220245,-0.10588551464660037,-0.3191268191268191,-0.037086485684616526,-0.3272727272727273,2014
2014-08-31,3,7982,3721,962,6741,0.55,0.07501683501683502,0.09926144756277695,0.37822349570200575,0.03899506781750925,0.4102564102564103,2014
2014-05-31,2,7425,3385,698,6488,0.39,0.06497418244406196,0.09087979374798583,0.02346041055718475,0.07452798940046373,0.026315789473684233,2014
2014-02-28,1,6972,3103,682,6038,0.38,0.08412377546260302,0.09801840056617127,0.27715355805243447,0.060042134831460675,0.2666666666666667,2014
2013-11-30,4,6431,2826,534,5696,0.3,-0.07746377851097404,-0.09770114942528736,-0.31450577663671375,-0.034085128031202304,-0.3023255813953489,2013
2013-08-31,3,6971,3132,779,5897,0.43,0.04091384201881439,0.0653061224489796,0.18931297709923664,0.017601380500431408,0.19444444444444448,2013
2013-05-31,2,6697,2940,655,5795,0.36,0.08243090350735413,0.07456140350877193,-0.24364896073903003,0.09051561911930749,-0.25,2013
2013-02-28,1,6187,2736,866,5314,0.48,0.03895885810243493,0.08142292490118577,1.2552083333333333,0.01007413039346132,1.2857142857142858,2013
2012-11-30,4,5955,2530,384,5261,0.21,-0.08016682113067655,-0.10537482319660538,-0.32275132275132273,-0.0778264680105171,-0.32258064516129037,2012
2012-08-31,3,6474,2828,567,5705,0.31,0.07043650793650794,0.09020817270624518,0.055865921787709494,0.08233731739707835,0.06896551724137938,2012
2012-05-31,2,6048,2594,537,5271,0.29,0.06930693069306931,0.04386317907444668,-0.04107142857142857,0.08034433285509325,-0.03333333333333337,2012
2012-02-29,1,5656,2485,560,4879,0.3,0.01983411467724486,0.045875420875420875,0.19402985074626866,-0.004488879820444807,0.19999999999999996,2012
2011-11-30,4,5546,2376,469,4901,0.25,-0.08797895083045552,-0.11771258819160788,-0.27286821705426356,-0.05948954135482633,-0.26470588235294124,2011
2011-08-31,3,6081,2693,645,5211,0.34,0.21111332403903604,0.19795373665480426,0.08585858585858586,0.2368858295751246,0.09677419354838718,2011
2011-05-31,2,5021,2248,594,4213,0.31,-0.011419570781649931,-0.033949290932531156,0.13575525812619502,-0.040100250626566414,0.14814814814814806,2011
2011-02-28,1,5079,2327,523,4389,0.27,0.04894671623296159,0.061103511171910624,0.14442013129102846,0.03028169014084507,0.1250000000000001,2011
2010-11-30,4,4842,2193,457,4260,0.24,-0.06434782608695652,-0.09901396877567789,-0.18246869409660108,-0.0348889895786135,-0.17241379310344826,2010
2010-08-31,3,5175,2434,559,4414,0.29,0.019302737837305496,0.011637572734829594,0.07088122605363985,0.0011340440009072353,0.11538461538461527,2010
2010-05-31,2,5077,2406,522,4409,0.26,0.07268117473061483,0.08476104598737602,0.05030181086519115,0.08116723884256989,0.040000000000000036,2010
2010-02-28,1,4733,2218,497,4078,0.25,0.07446083995459706,0.13163265306122449,0.3253333333333333,0.03924566768603466,0.3157894736842105,2010
2009-11-30,4,4405,1960,375,3924,0.19,-0.08210043759116482,-0.11552346570397112,-0.26900584795321636,-0.04964882538144829,-0.2692307692307693,2009
2009-08-31,3,4799,2216,513,4129,0.26,0.0182474008062805,0.0846793930494371,0.5,-0.03052359708851843,0.44444444444444453,2009
2009-05-31,2,4713,2043,342,4259,0.18,0.06124746678675974,0.04822986146741919,0.4016393442622951,0.0030617051342439945,0.3846153846153845,2009
2009-02-28,1,4441,1949,244,4246,0.13,0.0,0.0,0.0,0.0,0.0,2009
