Date,Quarter,Total Revenue,Gross Profit,Net Income,Total Operating Expenses,EPS,Total Revenue Gr,Gross Profit Gr,Net Income Gr,Total Operating Expenses Gr,EPS Gr,Year
2022-04-30,2,8288,5431,1618,6420,0.64,0.08439094596362685,0.0862,-0.46102598267821454,0.3738497753049433,-0.45762711864406774,2022
2022-01-31,1,7643,5000,3002,4673,1.18,0.07602421512037168,0.0796804145972792,0.21834415584415584,0.05437725631768953,0.21649484536082472,2022
2021-10-31,4,7103,4631,2464,4432,0.97,0.09159366835715384,0.09869513641755634,0.037910699241786014,0.09081959143490032,0.03191489361702131,2021
2021-07-31,3,6507,4215,2374,4063,0.94,0.1494435612082671,0.16147699090658585,0.24163179916317992,0.09662618083670715,0.2368421052631578,2021
2021-04-30,2,5661,3629,1912,3705,0.76,0.13152108734759144,0.14950902755780804,0.31228551818805766,0.059782608695652176,0.310344827586207,2021
2021-01-31,1,5003,3157,1457,3496,0.58,0.058611933982225986,0.06655405405405405,0.09056886227544911,0.05048076923076923,0.0943396226415093,2021
2020-10-31,4,4726,2960,1336,3328,0.53,0.2224521469218831,0.3010989010989011,1.1479099678456592,0.035147744945567654,1.12,2020
2020-07-31,3,3866,2275,622,3215,0.25,0.2551948051948052,0.13522954091816367,-0.321701199563795,0.528041825095057,-0.32432432432432434,2020
2020-04-30,2,3080,2004,917,2104,0.37,-0.008051529790660225,-0.005459057071960298,-0.035751840168243953,-0.005200945626477541,-0.026315789473684233,2020
2020-01-31,1,3105,2015,951,2115,0.38,0.030192435301924354,0.05167014613778706,0.05784204671857619,0.013416387158600862,0.05555555555555561,2020
2019-10-31,4,3014,1916,899,2087,0.36,0.16867002714230322,0.24334847501622323,0.6286231884057971,0.03934262948207171,0.5652173913043477,2019
2019-07-31,3,2579,1541,552,2008,0.23,0.16171171171171173,0.18904320987654322,0.4010152284263959,0.07841031149301826,0.43750000000000006,2019
2019-04-30,2,2220,1296,394,1862,0.16,0.006802721088435374,0.07373653686826843,-0.303886925795053,-0.02564102564102564,-0.30434782608695654,2019
2019-01-31,1,2205,1207,566,1911,0.23,-0.3068217541653568,-0.37168141592920356,-0.5398373983739837,-0.09985869053226566,-0.5306122448979592,2019
2018-10-31,4,3181,1921,1230,2123,0.49,0.01857188600704451,-0.027341772151898733,0.11716621253405994,0.07985757884028484,0.1136363636363636,2018
2018-07-31,3,3123,1975,1101,1966,0.44,-0.026192703461178673,-0.04497098646034816,-0.11495176848874598,0.028242677824267783,-0.12,2018
2018-04-30,2,3207,2068,1244,1912,0.5,0.1016832703538303,0.14825097168239867,0.11170688114387846,0.04026115342763874,0.11111111111111108,2018
2018-01-31,1,2911,1801,1119,1838,0.45,0.1043247344461305,0.1478648820905035,0.3353221957040573,0.05571510626076967,0.3636363636363636,2018
2017-10-31,4,2636,1569,838,1741,0.33,0.18206278026905828,0.20506912442396313,0.43739279588336194,0.12905317769131,0.43478260869565216,2017
2017-07-31,3,2230,1302,583,1542,0.23,0.15126484254001032,0.13217391304347825,0.14990138067061143,0.11496746203904555,0.15,2017
2017-04-30,2,1937,1150,507,1383,0.2,-0.10860561435803037,-0.11742133537989255,-0.22595419847328244,-0.03958333333333333,-0.19999999999999996,2017
2017-01-31,1,2173,1303,655,1440,0.25,0.0843313373253493,0.1014370245139476,0.20848708487084872,0.054945054945054944,0.19047619047619052,2017
2016-10-31,4,2004,1183,542,1365,0.21,0.40336134453781514,0.4322033898305085,1.0766283524904214,0.22862286228622863,1.0999999999999999,2016
2016-07-31,3,1428,826,261,1111,0.1,0.09425287356321839,0.09986684420772303,0.2548076923076923,0.048113207547169815,0.11111111111111122,2016
2016-04-30,2,1305,751,208,1060,0.09,-0.06852248394004283,-0.049367088607594936,0.0,-0.0790616854908775,0.0,2016
2016-01-31,1,1401,790,208,1151,0.09,0.0735632183908046,0.07629427792915532,-0.15447154471544716,0.08584905660377358,-0.18181818181818185,2016
2015-10-31,4,1305,734,246,1060,0.11,0.13183000867302688,0.15772870662460567,8.461538461538462,-0.015784586815227482,10.0,2015
2015-07-31,3,1153,634,26,1077,0.01,0.0017376194613379669,-0.02909647779479326,-0.8059701492537313,0.10461538461538461,-0.8333333333333333,2015
2015-04-30,2,1151,653,134,975,0.06,-0.07993605115907274,-0.06714285714285714,-0.30569948186528495,-0.04317958783120707,-0.3333333333333333,2015
2015-01-31,1,1251,700,193,1019,0.09,0.02122448979591837,0.03550295857988166,0.11560693641618497,0.00691699604743083,0.12499999999999993,2015
2014-10-31,4,1225,676,173,1012,0.08,0.11060743427017226,0.09208400646203554,0.3515625,0.07659574468085106,0.3333333333333334,2014
2014-07-31,3,1103,619,128,940,0.06,0.0,0.024834437086092714,-0.06569343065693431,-0.012605042016806723,0.0,2014
2014-04-30,2,1103,604,137,952,0.06,-0.03583916083916084,-0.024232633279483037,-0.06802721088435375,-0.0255885363357216,0.0,2014
2014-01-31,1,1144,619,147,977,0.06,0.08538899430740038,0.059931506849315065,0.23529411764705882,0.0700985761226725,0.1999999999999999,2014
2013-10-31,4,1054,584,119,913,0.05,0.07881269191402251,0.0695970695970696,0.23958333333333334,0.047018348623853214,0.25000000000000006,2013
2013-07-31,3,977,546,96,872,0.04,0.023036649214659685,0.05202312138728324,0.23076923076923078,0.0,0.3333333333333334,2013
2013-04-30,2,955,519,78,872,0.03,-0.13730803974706413,-0.11433447098976109,-0.5517241379310345,-0.0552546045503792,-0.5714285714285715,2013
2013-01-31,1,1107,586,174,923,0.07,-0.08056478405315615,-0.08006279434850863,-0.1674641148325359,-0.03046218487394958,-0.12499999999999993,2013
2012-10-31,4,1204,637,209,952,0.08,0.1532567049808429,0.17744916820702403,0.7563025210084033,0.051933701657458566,0.6,2012
2012-07-31,3,1044,541,119,905,0.05,0.12864864864864864,0.16846652267818574,0.9833333333333333,0.062206572769953054,0.6666666666666669,2012
2012-04-30,2,925,463,60,852,0.03,-0.02938090241343127,-0.05510204081632653,-0.4827586206896552,0.02527075812274368,-0.4000000000000001,2012
2012-01-31,1,953,490,116,831,0.05,-0.10600375234521577,-0.12028725314183124,-0.34831460674157305,-0.04372842347525892,-0.28571428571428575,2012
2011-10-31,4,1066,557,178,869,0.07,0.048180924287118974,0.06095238095238095,0.17105263157894737,0.032066508313539195,0.16666666666666682,2011
2011-07-31,3,1017,525,152,842,0.06,0.057172557172557176,0.08247422680412371,0.1259259259259259,0.04337050805452292,0.0,2011
2011-04-30,2,962,485,135,807,0.06,0.08577878103837472,0.13849765258215962,-0.21511627906976744,0.14144271570014144,-0.25000000000000006,2011
2011-01-31,1,886,426,172,707,0.08,0.04976303317535545,0.08673469387755102,1.0235294117647058,-0.0445945945945946,1.0,2011
2010-10-31,4,844,392,85,740,0.04,0.040690505548705305,1.9253731343283582,-1.6028368794326242,-0.24949290060851928,-1.6666666666666667,2010
2010-07-31,3,811,134,-141,986,-0.06,-0.1906187624750499,-0.706140350877193,-2.0217391304347827,0.15456674473067916,-2.0,2010
2010-04-30,2,1002,456,138,854,0.06,0.020366598778004074,0.0387243735763098,0.05343511450381679,0.007075471698113208,0.0,2010
2010-01-31,1,982,439,131,848,0.06,0.08748615725359911,0.11989795918367346,0.21296296296296297,0.06666666666666667,0.1999999999999999,2010
2009-10-31,4,903,392,108,795,0.05,0.16216216216216217,1.4968152866242037,-2.0285714285714285,-0.10372040586245772,-2.0,2009
2009-07-31,3,777,157,-105,887,-0.05,0.17018072289156627,-0.1736842105263158,-0.47761194029850745,-0.008938547486033519,-0.4444444444444444,2009
2009-04-30,2,664,190,-201,895,-0.09,0.3804573804573805,0.3380281690140845,0.3581081081081081,0.3643292682926829,0.5,2009
2009-01-31,1,481,142,-148,656,-0.06,0.0,0.0,0.0,0.0,0.0,2009
