Date,Quarter,Total Revenue,Gross Profit,Net Income,Total Operating Expenses,EPS,Total Revenue Gr,Gross Profit Gr,Net Income Gr,Total Operating Expenses Gr,EPS Gr,Year
2022-03-31,1,12814,8958,2222,9962,0.99,-0.2660939289805269,-0.3356570750519134,-0.8637478538140789,-0.09105839416058394,-0.8628808864265928,2022
2021-12-31,4,17460,13484,16308,10960,7.22,0.8517340120903595,1.455654707703515,4.912980420594634,0.08150779553976711,4.918032786885246,2021
2021-09-30,3,9429,5491,2758,10134,1.22,-0.2907326613509854,-0.41460554371002134,-0.04765193370165746,0.03250127356087621,-0.04687500000000004,2021
2021-06-30,2,13294,9380,2896,9815,1.28,0.047266425082716244,0.08376660889659157,0.4065080135988344,-0.04514057787722541,0.4065934065934066,2021
2021-03-31,1,12694,8655,2059,10279,0.91,-0.24363939700887804,-0.31123667038039154,-0.016714422158548233,-0.010302330059695745,-0.010869565217391313,2021
2020-12-31,4,16783,12566,2094,10386,0.92,0.9104154809334092,1.4972178060413355,0.08217054263565891,0.02567647639739285,0.09523809523809533,2020
2020-09-30,3,8785,5032,1935,10126,0.84,-0.2441060058509723,-0.38581716099109,0.03642206748794858,0.09234088457389428,0.03703703703703693,2020
2020-06-30,2,11622,8193,1867,9270,0.81,-0.08545797922568461,-0.08824838637881148,-0.14200367647058823,-0.06965074267362505,-0.14736842105263148,2020
2020-03-31,1,12708,8986,2176,9964,0.95,-0.0006291286568103177,0.030032095369096744,0.9342222222222222,-0.08528412742127972,0.8999999999999999,2020
2019-12-31,4,12716,8724,1125,10893,0.5,0.01874699567377023,0.002067539627842867,-0.44906953966699314,0.0759581193204267,-0.43820224719101125,2019
2019-09-30,3,12482,8706,2042,10124,0.89,0.038090485695276115,0.010211185889997679,-0.699661714958082,0.08150838585621194,-0.6941580756013745,2019
2019-06-30,2,12024,8618,6799,9361,2.91,0.04967263203841117,0.05046318868844466,2.8499433748584373,0.01606425702811245,2.828947368421053,2019
2019-03-31,1,11455,8204,1766,9213,0.76,-0.03715222324955871,0.04389871484921746,0.47782426778242676,-0.12548647365923113,0.4615384615384615,2019
2018-12-31,4,11897,7859,1195,10535,0.52,0.044879676796065346,-0.008077748327653667,-0.26370918052988296,0.1517437411173062,-0.24637681159420283,2018
2018-09-30,3,11386,7923,1623,9147,0.69,-0.02291255470694242,-0.021247683755404572,-0.791065911431514,-0.008132726089785295,-0.7915407854984895,2018
2018-06-30,2,11653,8095,7768,9222,3.31,0.04389501030189017,0.049662863070539416,2.8360493827160496,0.048908098271155595,2.8488372093023258,2018
2018-03-31,1,11163,7712,2025,8792,0.86,-0.15200546946216956,-0.11100864553314121,0.02479757085020243,-0.20749954930593115,-1.511904761904762,2018
2017-12-31,4,13164,8675,1976,11094,-1.68,0.03718878033406871,0.036563508184968334,-0.05045651129264776,0.07343976777939042,-2.909090909090909,2017
2017-09-30,3,12692,8369,2081,10335,0.88,0.01584760685128862,0.016148615832928606,0.05101010101010101,0.011846485216369688,0.06024096385542174,2017
2017-06-30,2,12494,8236,1980,10214,0.83,0.06016122189223589,0.07239583333333334,0.18847539015606243,0.035587549427151983,0.18571428571428572,2017
2017-03-31,1,11785,7680,1666,9863,0.7,-0.06512771696017769,-0.05383762473820377,0.7408568443051202,-0.1155053358443189,-1.875,2017
2016-12-31,4,12606,8117,957,11151,-0.8,0.02147313831942306,0.018060955725573813,-0.506701030927835,0.10712867355043686,-1.9876543209876543,2016
2016-09-30,3,12341,7973,1940,10072,0.81,-0.026658253805505166,-0.030991735537190084,0.07538802660753881,-0.04855469488003023,0.08000000000000007,2016
2016-06-30,2,12679,8228,1804,10586,0.75,0.07358171041490262,0.08291655698868124,-0.10293386374937842,0.13110375040068384,-0.10714285714285711,2016
2016-03-31,1,11810,7598,2011,9359,0.84,-0.07763199000312403,-0.07958812840702605,0.9079696394686907,-0.1588927833198526,0.8666666666666666,2016
2015-12-31,4,12804,8255,1054,11127,0.45,0.02555066079295154,0.019513400024700506,-0.4417372881355932,0.08545507755340942,-0.41558441558441556,2015
2015-09-30,3,12485,8097,1888,10251,0.77,-0.03187034739454094,-0.03710310381733856,0.02832244008714597,-0.034291097503532736,0.02666666666666669,2015
2015-06-30,2,12896,8409,1836,10615,0.75,0.056875921980003276,0.022743857942106545,-0.8588235294117647,0.12721673569077202,-0.8590225563909775,2015
2015-03-31,1,12202,8222,13005,9417,5.32,-0.08626628725475513,-0.08010740657865294,7.722334004024145,-0.14414250658911207,7.866666666666668,2015
2014-12-31,4,13354,8938,1491,11003,0.6,0.00406015037593985,0.006644892442842662,-0.5373875271486193,0.04185209733926711,-0.5419847328244275,2014
2014-09-30,3,13300,8879,3223,10561,1.31,-0.046526632733529284,-0.0723017448542472,0.2614481409001957,-0.018950301904319553,0.2718446601941748,2014
2014-06-30,2,13949,9571,2555,10765,1.03,0.07044739467423836,0.07527244129873048,-0.13124787487249234,0.05373923257635082,-0.13445378151260498,2014
2014-03-31,1,13031,8901,2941,10216,1.19,0.05736773774748458,0.03935077066791219,0.4494825036964022,0.03947903947903948,0.45121951219512196,2014
2013-12-31,4,12324,8564,2029,9828,0.82,-0.04509530450953045,-0.02460136674259681,-0.09094982078853046,-0.05025125628140704,-0.08888888888888896,2013
2013-09-30,3,12906,8780,2232,10348,0.9,-0.028162650602409637,-0.04492548678342217,-0.11287758346581876,0.009856543378549819,-0.1089108910891089,2013
2013-06-30,2,13280,9193,2516,10247,1.01,-0.06518372518654089,-0.042395833333333334,0.04920767306088407,-0.09398762157382846,0.041237113402061897,2013
2013-03-31,1,14206,9600,2398,11310,0.97,0.4988394175986495,0.3185002060156572,0.20806045340050378,0.6723347626792844,0.2124999999999999,2013
2012-12-31,4,9478,7281,1985,6763,0.8,-0.3248806895077997,-0.23066356720202874,-0.1694560669456067,-0.39022630962041294,-0.18367346938775503,2012
2012-09-30,3,14039,9464,2390,11091,0.98,-0.034523072691011625,-0.04702446883496123,-0.09743202416918428,-0.029913408554185252,-0.10091743119266064,2012
2012-06-30,2,14541,9931,2648,11433,1.09,0.0451376410551283,0.053240004242231416,0.17846016911437473,0.022904178223136798,0.18478260869565222,2012
2012-03-31,1,13913,9429,2247,11177,0.92,-0.07221925846892505,-0.045454545454545456,1.2425149700598803,-0.19572569619342303,1.4210526315789473,2012
2011-12-31,4,14996,9878,1002,13897,0.38,-0.0025276040973792736,-0.03591645520203006,-0.5933441558441559,0.15012827940081105,-0.6237623762376238,2011
2011-09-30,3,15034,10246,2464,12083,1.01,-0.005885075712490908,-0.02456207159177456,-0.08875739644970414,0.023896279976273197,-0.09009009009009017,2011
2011-06-30,2,15123,10504,2704,11801,1.11,0.063352552383631,0.07578861122490782,-0.023826714801444042,0.0912705751803218,-0.07499999999999989,2011
2011-03-31,1,14222,9764,2770,10814,1.2,-0.01673119469026549,-0.017706237424547282,0.27708621484555096,-0.09860798532966575,0.2765957446808511,2011
2010-12-31,4,14464,9940,2169,11997,0.94,0.1282371294851794,0.08538982310548154,-0.04659340659340659,0.1723834652594547,-0.05050505050505055,2010
2010-09-30,3,12820,9158,2275,10233,0.99,0.07541313648183877,0.050831899024670106,-0.05875051717004551,0.14207589285714287,-0.05714285714285719,2010
2010-06-30,2,11921,8715,2417,8960,1.05,-0.03520556814503075,-0.058855291576673865,-0.1759290828503239,0.013001695873374788,-0.17968749999999997,2010
2010-03-31,1,12356,9260,2933,8845,1.28,-0.0600228223659186,-0.023000633044946192,0.27245119305856835,-0.15826037304910545,0.2549019607843137,2010
2009-12-31,4,13145,9478,2305,10508,1.02,0.16430469441984058,0.1576890191767436,0.09866539561487131,0.21395563770794823,0.10869565217391301,2009
2009-09-30,3,11290,8187,2098,8656,0.92,0.051014708620368644,0.03397322556201061,0.03095823095823096,0.03318214370971592,0.03370786516853935,2009
2009-06-30,2,10742,7918,2035,8378,0.89,0.08220834172879307,0.0785996458248195,0.03720693170234455,0.10542287900778467,0.03488372093023259,2009
2009-03-31,1,9926,7341,1962,7579,0.86,0.0,0.0,0.0,0.0,0.0,2009
