Date,Quarter,Total Revenue,Gross Profit,Net Income,Total Operating Expenses,EPS,Total Revenue Gr,Gross Profit Gr,Net Income Gr,Total Operating Expenses Gr,EPS Gr,Year
2023-03-31,1,1769,1284,463,1190,0.5,0.009703196347031963,-0.022086824067022087,-0.2098976109215017,0.26865671641791045,-0.05660377358490571,2023
2022-12-31,4,1752,1313,586,938,0.53,0.0005711022272986865,-0.01721556886227545,-0.42209072978303747,0.12200956937799043,-0.6102941176470589,2022
2022-09-30,3,1751,1336,1014,836,1.36,0.3985623003194888,0.44432432432432434,0.6622950819672131,0.1627260083449235,0.6585365853658539,2022
2022-06-30,2,1252,925,610,719,0.82,0.027071369975389663,0.03699551569506727,-0.4691035683202785,54.30769230769231,-0.4675324675324676,2022
2022-03-31,1,1219,892,1149,13,1.54,-0.04541895066562255,-0.06596858638743455,-0.07858861267040898,-0.8115942028985508,-0.07784431137724544,2022
2021-12-31,4,1277,955,1247,69,1.67,0.07945900253592561,0.09267734553775744,0.7271468144044322,-0.8345323741007195,0.7216494845360825,2021
2021-09-30,3,1183,874,722,417,0.97,0.02780191138140747,0.015098722415795587,0.20534223706176963,-0.07333333333333333,0.19753086419753074,2021
2021-06-30,2,1151,861,599,450,0.81,0.002613240418118467,0.048721071863580996,0.6366120218579235,-0.2694805194805195,0.6530612244897961,2021
2021-03-31,1,1148,821,366,616,0.49,0.03237410071942446,0.0,0.30714285714285716,-0.02066772655007949,0.32432432432432434,2021
2020-12-31,4,1112,821,280,629,0.37,0.02677746999076639,0.03792667509481669,-0.06354515050167224,0.1958174904942966,-0.07500000000000007,2020
2020-09-30,3,1083,791,299,526,0.4,-0.14454976303317535,-0.16911764705882354,-0.2617283950617284,-0.19571865443425077,-0.25925925925925924,2020
2020-06-30,2,1266,952,405,654,0.54,0.294478527607362,0.3522727272727273,-0.17177914110429449,0.2823529411764706,-0.22857142857142848,2020
2020-03-31,1,978,704,489,510,0.7,0.18401937046004843,0.18120805369127516,0.2701298701298701,0.9172932330827067,0.16666666666666663,2020
2019-12-31,4,826,596,385,266,0.6,-0.12314225053078556,-0.14613180515759314,-0.14634146341463414,-0.43524416135881105,-0.15492957746478872,2019
2019-09-30,3,942,698,451,471,0.71,0.19240506329113924,0.2202797202797203,0.17447916666666666,0.35344827586206895,0.18333333333333332,2019
2019-06-30,2,790,572,384,348,0.6,0.023316062176165803,0.047619047619047616,0.10662824207492795,-0.1189873417721519,0.09090909090909079,2019
2019-03-31,1,772,546,347,395,0.55,-0.04337050805452292,-0.06984667802385008,-0.4187604690117253,0.8990384615384616,-0.43298969072164945,2019
2018-12-31,4,807,587,597,208,0.97,0.18328445747800587,0.174,0.7254335260115607,-0.32247557003257327,0.6166666666666667,2018
2018-09-30,3,682,500,346,307,0.6,0.09822866344605476,0.10375275938189846,0.03283582089552239,-0.09705882352941177,-0.03225806451612906,2018
2018-06-30,2,621,453,335,340,0.62,-0.10518731988472622,-0.10650887573964497,-0.08469945355191257,0.30268199233716475,-0.08823529411764713,2018
2018-03-31,1,694,507,366,261,0.68,0.11935483870967742,0.14189189189189189,0.23648648648648649,-1.361997226074896,0.23636363636363636,2018
2017-12-31,4,620,444,296,-721,0.55,0.028192371475953566,0.0136986301369863,-0.6621004566210046,-2.6885245901639343,-0.6625766871165644,2017
2017-09-30,3,603,438,876,427,1.63,-0.21279373368146215,-0.22614840989399293,2.2808988764044944,-0.13034623217922606,2.26,2017
2017-06-30,2,766,566,267,491,0.5,0.2178060413354531,0.27191011235955054,0.31527093596059114,0.05139186295503212,0.3157894736842105,2017
2017-03-31,1,629,445,203,467,0.38,0.014516129032258065,-0.006696428571428571,-0.5396825396825397,0.02412280701754386,-0.5476190476190476,2017
2016-12-31,4,620,448,441,456,0.84,-0.12056737588652482,-0.13680154142581888,0.5806451612903226,-0.03389830508474576,0.6153846153846153,2016
2016-09-30,3,705,519,279,472,0.52,0.17109634551495018,0.195852534562212,0.014545454545454545,0.02608695652173913,0.0,2016
2016-06-30,2,602,434,275,460,0.52,-0.006600660066006601,0.0,0.32211538461538464,-0.03563941299790356,0.3333333333333333,2016
2016-03-31,1,606,434,208,477,0.39,-0.05754276827371695,-0.05652173913043478,0.7627118644067796,-0.11338289962825279,0.6956521739130435,2016
2015-12-31,4,643,460,118,538,0.23,0.10671256454388985,0.1111111111111111,-0.5444015444015444,0.1278825995807128,-0.5306122448979592,2015
2015-09-30,3,581,414,259,477,0.49,0.1392156862745098,0.15,0.85,0.1276595744680851,0.8148148148148147,2015
2015-06-30,2,510,360,140,423,0.27,0.10151187904967603,0.15755627009646303,-0.5942028985507246,0.11609498680738786,-0.5846153846153846,2015
2015-03-31,1,463,311,345,379,0.65,0.026607538802660754,0.029801324503311258,-0.15647921760391198,0.007978723404255319,-0.2528735632183908,2015
2014-12-31,4,451,302,409,376,0.87,0.08674698795180723,0.041379310344827586,2.0073529411764706,0.11572700296735905,2.782608695652174,2014
2014-09-30,3,415,290,136,337,0.23,-0.09782608695652174,-0.1021671826625387,0.863013698630137,-0.07671232876712329,0.7692307692307693,2014
2014-06-30,2,460,323,73,365,0.13,0.05747126436781609,0.07666666666666666,13.6,0.005509641873278237,12.0,2014
2014-03-31,1,435,300,5,363,0.01,-0.004576659038901602,-0.02912621359223301,-0.9152542372881356,-0.005479452054794521,-0.888888888888889,2014
2013-12-31,4,437,309,59,365,0.09,0.03309692671394799,0.05102040816326531,-8.375,0.05491329479768786,-5.5,2013
2013-09-30,3,423,294,-8,346,-0.02,0.029197080291970802,0.06521739130434782,3.0,-0.017045454545454544,-1.5714285714285716,2013
2013-06-30,2,411,276,-2,352,0.03499999999999999,-0.14375,-0.16363636363636364,-1.0075471698113208,-0.08093994778067885,-0.9385964912280701,2013
2013-03-31,1,480,330,265,383,0.57,0.0,-0.040697674418604654,-2.1572052401746724,-0.4098613251155624,-2.1399999999999997,2013
2012-12-31,4,480,344,-229,649,-0.5,-0.03807615230460922,-0.036414565826330535,3.872340425531915,0.5306603773584906,4.0,2012
2012-09-30,3,499,357,-47,424,-0.1,-0.003992015968063872,-0.008333333333333333,4.875,0.06,4.0,2012
2012-06-30,2,501,360,-8,400,-0.02,0.04592901878914405,0.046511627906976744,-1.0396039603960396,0.015228426395939087,-1.0454545454545454,2012
2012-03-31,1,479,344,202,394,0.44,0.19154228855721392,0.16610169491525423,-5.488888888888889,0.07065217391304347,10.0,2012
2011-12-31,4,402,295,-45,368,0.04,-0.14285714285714285,-0.11144578313253012,-1.8181818181818181,-0.05641025641025641,-0.6666666666666666,2011
2011-09-30,3,469,332,55,390,0.12,0.46105919003115264,0.43103448275862066,-1.3642384105960266,0.059782608695652176,-1.2448979591836735,2011
2011-06-30,2,321,232,-151,368,-0.49,0.39565217391304347,0.4591194968553459,2.2127659574468086,0.8308457711442786,1.7222222222222223,2011
2011-03-31,1,230,159,-47,201,-0.18,-0.03361344537815126,0.012738853503184714,-0.9624900239425379,-0.7870762711864406,-0.968365553602812,2011
2010-12-31,4,238,157,-1253,944,-5.69,0.039301310043668124,-0.030864197530864196,82.53333333333333,3.8911917098445596,80.28571428571428,2010
2010-09-30,3,229,162,-15,193,-0.07,0.045662100456621,0.04516129032258064,-0.34782608695652173,0.043243243243243246,-0.3636363636363636,2010
2010-06-30,2,219,155,-23,185,-0.11,0.42207792207792205,0.46226415094339623,4.75,0.4015151515151515,2.666666666666667,2010
2010-03-31,1,154,106,-4,132,-0.03,-0.7259786476868327,-0.8224455611390284,-1.1,-0.753731343283582,-1.0441176470588236,2010
2009-12-31,4,562,597,40,536,0.68,2.6493506493506493,4.527777777777778,-0.36507936507936506,3.3934426229508197,0.5813953488372094,2009
2009-09-30,3,154,108,63,122,0.43,0.03355704697986577,0.018867924528301886,2.7058823529411766,0.06086956521739131,2.5833333333333335,2009
2009-06-30,2,149,106,17,115,0.12,-0.08588957055214724,-0.07017543859649122,-1.1382113821138211,-0.6140939597315436,-1.096774193548387,2009
2009-03-31,1,163,114,-123,298,-1.24,0.0,0.0,0.0,0.0,0.0,2009
