Date,Quarter,Total Revenue,Gross Profit,Net Income,Total Operating Expenses,EPS,Total Revenue Gr,Gross Profit Gr,Net Income Gr,Total Operating Expenses Gr,EPS Gr,Year
2022-12-31,4,9463,5419,2235,6998,1.98,-0.16954804738920579,-0.16975639650681784,-0.22206752523494605,-0.09457885884331738,-0.21739130434782603,2022
2022-09-30,3,11395,6527,2873,7729,2.53,0.04197147037307974,0.06650326797385621,-0.22975871313672921,0.19569925742574257,-0.23100303951367787,2022
2022-06-30,2,10936,6120,3730,6464,3.29,-0.02042278753135077,-0.06077348066298342,0.2713019768234492,-0.11524774158226116,0.2801556420233464,2022
2022-03-31,1,11164,6516,2934,7306,2.57,0.042877160205511446,0.01780693533270853,-0.13680494263018536,0.06797251863762607,-0.13758389261744972,2022
2021-12-31,4,10705,6402,3399,6841,2.98,0.14663667523564697,0.18577514354510094,0.21436227224008575,0.0632576935032639,0.2163265306122448,2021
2021-09-30,3,9336,5399,2799,6434,2.45,0.15831265508684864,0.15957903780068727,0.38085841144548593,0.09701619778346121,0.38418079096045205,2021
2021-06-30,2,8060,4656,2027,5865,1.77,0.01575299306868305,0.03397734843437708,0.1503972758229285,0.016640665626625067,0.1568627450980392,2021
2021-03-31,1,7935,4503,1762,5769,1.53,-0.03642987249544627,-0.05120101137800253,-0.28228105906313644,0.010509721492380452,-0.2783018867924529,2021
2020-12-31,4,8235,4746,2455,5709,2.12,-0.013181545835829839,-0.14946236559139786,-0.17060810810810811,0.16676885346413242,-0.17509727626459134,2020
2020-09-30,3,8345,5580,2960,4893,2.57,0.7054976497036582,0.9836473515819409,2.502958579881657,0.190221357333982,2.472972972972973,2020
2020-06-30,2,4893,2813,845,4111,0.74,-0.061924846625766874,-0.03631380609797876,0.8055555555555556,-0.02698224852071006,0.8048780487804879,2020
2020-03-31,1,5216,2919,468,4225,0.41,0.027378373054953713,-0.015182186234817813,-0.49405405405405406,0.04398319743019521,-0.48750000000000004,2020
2019-12-31,4,5077,2964,925,4047,0.8,0.054632322393020356,0.09940652818991098,0.8280632411067194,-0.016285853184248907,0.904761904761905,2019
2019-09-30,3,4814,2696,506,4114,0.42,-0.5003632589517385,-0.6415370296503125,-0.7645416472778036,-0.047244094488188976,-0.76,2019
2019-06-30,2,9635,7521,2149,4318,1.75,0.9339622641509434,1.6831965750981093,2.2413273001508296,0.06828302820385948,2.1818181818181817,2019
2019-03-31,1,4982,2803,663,4042,0.55,0.028913672036348616,0.05614167294649586,-0.3792134831460674,-0.021781219748305904,-0.36781609195402293,2019
2018-12-31,4,4842,2654,1068,4132,0.87,-0.16213877833535215,-0.0935792349726776,-3.08187134502924,-0.3600743379278303,-3.3513513513513513,2018
2018-09-30,3,5779,2928,-513,6457,-0.37,0.036220190066343916,-0.05119896305897602,-1.4267886855241265,0.381471972614463,-1.4567901234567902,2018
2018-06-30,2,5577,3086,1202,4674,0.81,0.06839080459770115,0.035223079503522305,2.6424242424242426,-0.03029045643153527,2.681818181818182,2018
2018-03-31,1,5220,2981,330,4820,0.22,-0.13504556752278377,-0.11595492289442468,-1.055156276115661,-0.20185461169067725,-1.054320987654321,2018
2017-12-31,4,6035,3372,-5983,6039,-4.05,0.027758855585831063,0.047530288909599254,-41.42567567567568,0.0840064620355412,-41.49999999999999,2017
2017-09-30,3,5872,3219,148,5571,0.1,0.09327871904673245,0.11654526534859522,-0.8290993071593533,0.21161374510656808,-0.8275862068965517,2017
2017-06-30,2,5371,2883,866,4598,0.58,0.07077352472089314,0.026709401709401708,0.15620827770360482,0.07254490319570796,0.15999999999999992,2017
2017-03-31,1,5016,2808,749,4287,0.5,-0.16386064344057344,-0.21034870641169853,0.09824046920821114,-0.17889293238843135,0.08695652173913039,2017
2016-12-31,4,5999,3556,682,5221,0.46,-0.029915912031047865,-0.024149286498353458,-0.5734834271419638,0.19173704633645286,-0.5700934579439253,2016
2016-09-30,3,6184,3644,1599,4381,1.07,0.02316346790205162,0.038176638176638175,0.10734072022160665,-0.015947888589398024,0.10309278350515473,2016
2016-06-30,2,6044,3510,1444,4452,0.97,0.08881282651774455,0.02932551319648094,0.24054982817869416,0.07640232108317214,0.2435897435897435,2016
2016-03-31,1,5551,3410,1164,4136,0.78,-0.03878787878787879,0.0521443998765813,-0.22296395193591456,0.011246943765281174,-0.2121212121212121,2016
2015-12-31,4,5775,3241,1498,4090,0.99,0.05846774193548387,0.011548064918851436,0.4105461393596987,-0.05214368482039398,0.4347826086956523,2015
2015-09-30,3,5456,3204,1062,4315,0.69,-0.0644718792866941,-0.05235137533274179,-0.10304054054054054,-0.06134435501413966,-0.05479452054794526,2015
2015-06-30,2,5832,3381,1184,4597,0.73,-0.15404699738903394,-0.20745428973277075,0.12440645773979107,-0.17290392227419935,0.1587301587301587,2015
2015-03-31,1,6894,4266,1053,5558,0.63,-0.02887730666291027,0.052813425468904246,-0.4660243407707911,0.10387288977159881,-0.4615384615384615,2015
2014-12-31,4,7099,4052,1972,5035,1.17,0.060818888224745966,0.029994916115912557,0.04063324538258575,0.07127659574468086,0.0540540540540539,2014
2014-09-30,3,6692,3934,1895,4700,1.11,-0.016749926535409933,-0.03246433841613379,-0.15326184092940126,-0.006552525893045867,-0.1526717557251908,2014
2014-06-30,2,6806,4066,2238,4731,1.31,0.06894926967174493,0.04658944658944659,0.14241960183767227,0.08087731322823852,0.14912280701754402,2014
2014-03-31,1,6367,3885,1959,4377,1.14,-0.038508003624282694,-0.007916241062308479,0.0448,-0.14661727432248,0.04587155963302736,2014
2013-12-31,4,6622,3916,1875,5129,1.09,0.021755901866995834,0.039554021767985136,0.2491672218520986,0.04823216840384222,0.26744186046511637,2013
2013-09-30,3,6481,3767,1501,4893,0.86,0.03812269742111164,0.005605979711692472,-0.05,0.07161629434954007,-0.04444444444444448,2013
2013-06-30,2,6243,3746,1580,4566,0.9,0.019431743958197256,-0.0015991471215351812,-0.1532690246516613,0.07511184365434424,-0.15094339622641512,2013
2013-03-31,1,6124,3752,1866,4247,1.06,0.017613825191093387,-0.0076699285903200215,-0.02098635886673662,0.08066157760814249,-0.027522935779816536,2013
2012-12-31,4,6018,3781,1906,3930,1.09,0.2354752617532334,0.24744308808973936,0.4996066089693155,0.08085808580858085,0.493150684931507,2012
2012-09-30,3,4871,3031,1271,3636,0.73,0.05296152183311716,0.042655658754729965,0.05302402651201325,0.12083847102342787,0.05797101449275368,2012
2012-06-30,2,4626,2907,1207,3244,0.69,-0.06413109447703824,-0.0800632911392405,-0.4587443946188341,-0.05395158938466025,-0.46093750000000006,2012
2012-03-31,1,4943,3160,2230,3429,1.28,0.05597094637897885,0.07960368978476255,0.5917201998572448,0.09552715654952076,0.5802469135802468,2012
2011-12-31,4,4681,2927,1401,3130,0.81,0.13726919339164237,0.11760213822069492,0.32670454545454547,0.08680555555555555,0.32786885245901654,2011
2011-09-30,3,4116,2619,1056,2880,0.61,0.13607507590394702,0.11684434968017057,0.020289855072463767,0.14741035856573706,0.0,2011
2011-06-30,2,3623,2345,1035,2510,0.61,-0.06382428940568476,-0.16577730345072927,0.036036036036036036,0.028688524590163935,0.0338983050847458,2011
2011-03-31,1,3870,2811,999,2440,0.59,0.15591397849462366,0.2195227765726681,-0.14615384615384616,0.16135173726796764,-0.16901408450704225,2011
2010-12-31,4,3348,2305,1170,2101,0.71,0.1353001017293998,0.08470588235294117,0.35260115606936415,0.18700564971751413,0.33962264150943383,2010
2010-09-30,3,2949,2125,865,1770,0.53,0.09222222222222222,0.14989177489177488,0.12777053455019557,-0.020475926950747094,0.12765957446808524,2010
2010-06-30,2,2700,1848,767,1807,0.47,0.013894104393541119,-0.003236245954692557,-0.00904392764857881,-0.04239533651298357,0.021739130434782507,2010
2010-03-31,1,2663,1854,774,1887,0.46,-0.0026217228464419477,0.0,-0.07966706302021404,0.05360134003350084,-0.07999999999999996,2010
2009-12-31,4,2670,1854,841,1791,0.5,0.003005259203606311,-0.07021063189568706,0.047322540473225407,0.024013722126929673,0.02040816326530614,2009
2009-09-30,3,2662,1994,803,1749,0.49,-0.033054849255357795,0.0555849655902594,0.08955223880597014,-0.05917159763313609,0.1136363636363636,2009
2009-06-30,2,2753,1889,737,1859,0.44,0.12138492871690428,0.10017472335468841,-3.550173010380623,-0.245841784989858,-3.4444444444444446,2009
2009-03-31,1,2455,1717,-289,2465,-0.18,0.0,0.0,0.0,0.0,0.0,2009
