Date,Quarter,Total Revenue,Gross Profit,Net Income,Total Operating Expenses,EPS,Total Revenue Gr,Gross Profit Gr,Net Income Gr,Total Operating Expenses Gr,EPS Gr,Year
2022-12-31,4,101195,27837,10410,83709,2.92,0.02466610638017801,0.2803918862977784,0.5438232240842356,-0.03328290468986384,0.5869565217391304,2022
2022-09-30,3,98759,21741,6743,86591,1.84,-0.04194678074949313,-0.26788119612068967,-0.626219512195122,0.13596232306138245,-0.6166666666666667,2022
2022-06-30,2,103083,29696,18040,76227,4.8,0.2395146938579193,0.40016030930265456,1.53513209668353,0.06346438237674042,1.5806451612903223,2022
2022-03-31,1,83164,21209,7116,71678,1.86,-0.07823947330503309,-0.21000484225425559,-0.37905759162303665,-0.017975065077407863,-0.36734693877551017,2022
2021-12-31,4,90223,26847,11460,72990,2.94,0.46572983510681504,1.345330654319909,-26.63758389261745,0.2266608406298842,-25.5,2021
2021-09-30,3,61555,11447,-447,59503,-0.12,-0.0033838481963603395,-0.3084637225880505,-1.130396732788798,0.04865884177505199,-1.1363636363636365,2021
2021-06-30,2,61764,16553,3428,56742,0.88,0.04481096168485156,-0.06231235484053702,-0.3943462897526502,0.135157844196375,-0.38888888888888884,2021
2021-03-31,1,59115,17653,5660,49986,1.44,0.31284978235764416,0.8965406102277611,-2.410064773293473,0.03610811707155294,-2.411764705882353,2021
2020-12-31,4,45028,9308,-4014,48244,-1.02,0.0069548493861395,-0.20600528874861385,-9.208588957055214,0.11464350076244166,-9.500000000000002,2020
2020-09-30,3,44717,11723,489,43282,0.12,0.3762888184420301,0.49280529733859674,-1.0269703822183,-0.21773391892136132,-1.0257510729613735,2020
2020-06-30,2,32491,7853,-18131,55329,-4.66,-0.4670024114568809,-0.3153443766346992,754.4583333333334,-0.0656725995474349,5.563380281690141,2020
2020-03-31,1,60959,11470,-24,59218,-0.71,-0.28338329512725563,-0.2955843517779279,-1.0248962655601659,-0.270318892010449,-3.9583333333333335,2020
2019-12-31,4,85065,16283,964,81156,0.24,-0.049988273528327805,-0.14277441431955779,-0.8360265351250212,0.014335887212688572,-0.8356164383561644,2019
2019-09-30,3,89541,18995,5879,80009,1.46,-0.02501143317580958,0.1891198197070239,0.9609739826551034,-0.06606823938647585,0.9729729729729729,2019
2019-06-30,2,91838,15974,2998,85669,0.74,0.07209731269407672,-0.16274437863619687,-0.5004165972337944,0.14077792721413637,-0.4931506849315068,2019
2019-03-31,1,85662,19079,6001,75097,1.46,-0.1812551373463575,0.025862996021077535,0.07352415026833631,-0.21568074528971884,0.07352941176470577,2019
2018-12-31,4,104626,18598,5590,95748,1.36,0.03031078898648915,-0.015978835978835978,-0.042644288405548895,0.053310158192339,-0.02857142857142844,2018
2018-09-30,3,101548,18900,5839,90902,1.4,0.022968126687351414,-0.0008458447874814971,-0.030710491367861886,0.024490301930597664,-0.027777777777777804,2018
2018-06-30,2,99268,18916,6024,88729,1.44,0.08949228439098272,0.08506854815579648,0.021190032208848956,0.08456075588857244,0.0285714285714286,2018
2018-03-31,1,91114,17433,5899,81811,1.4,0.03392946302936771,0.053671804170444246,0.5495140530601523,0.015175956718121804,0.5555555555555555,2018
2017-12-31,4,88124,16545,3807,80588,0.9,0.1336755303410392,0.030135109893530913,-0.0685099094690482,0.13408387278356318,-0.08163265306122446,2017
2017-09-30,3,77733,16061,4087,71060,0.98,0.06920029710324338,0.3083251873574454,1.6453074433656958,0.02656708224382774,1.5789473684210527,2017
2017-06-30,2,72702,12276,1545,69221,0.38,-0.008307075336579777,-0.17853319057815845,-0.5633126059920859,0.005695273794476165,-0.5581395348837209,2017
2017-03-31,1,73311,14944,3538,68829,0.86,0.09269361473797175,0.045546771146715175,1.2959117456197276,0.10040128539225247,1.263157894736842,2017
2016-12-31,4,67092,14293,1541,62549,0.38,0.06600146175601386,0.18104445546190712,0.12072727272727272,0.04021220335600605,0.11764705882352934,2016
2016-09-30,3,62938,12102,1375,60131,0.34,0.04425013688175076,0.07116303770578863,0.1702127659574468,0.027177997950119576,0.13333333333333347,2016
2016-06-30,2,60271,11298,1175,58540,0.3,0.21191586905815168,0.2248482220294883,1.427685950413223,0.1707063434925206,1.1428571428571426,2016
2016-03-31,1,49732,9224,484,50004,0.14,-0.17355756447753257,0.031075340934495863,-0.4845580404685836,-0.1651808073725333,-0.5333333333333333,2016
2015-12-31,4,60176,8946,939,59898,0.3,-0.13020351526364476,0.32592263228101376,-1.1266181229773462,-0.22990485986114684,-1.129310344827586,2015
2015-09-30,3,69184,6747,-7416,77780,-2.32,-0.06444895199459094,-0.5194102144027353,-2.860511791269443,0.1453056897161032,-2.8709677419354835,2015
2015-06-30,2,73950,14039,3986,67912,1.24,0.07413647851727043,0.005226979808105399,-0.10022573363431152,0.08431926681675209,-0.10144927536231878,2015
2015-03-31,1,68846,13966,4430,62631,1.38,-0.2688868593759956,0.1898108706764355,6.445378151260504,-0.3133168143145338,5.8999999999999995,2015
2014-12-31,4,94166,11738,595,91208,0.2,-0.1425813794673344,-0.30614175090146006,-0.866681604302039,-0.09953598578339422,-0.8571428571428572,2014
2014-09-30,3,109825,16917,4463,101290,1.4,-0.04726998282353349,-0.1948503165008805,-0.1590352364801206,-0.04123203907388827,-0.16666666666666669,2014
2014-06-30,2,115274,21011,5307,105646,1.68,0.028506678325109967,0.04335087893534611,0.17697937458416502,0.02487340175782387,0.16666666666666666,2014
2014-03-31,1,112079,20138,4509,103082,1.44,0.005382179603333363,0.23183264007829704,1.5317237507018528,-0.01872459518891184,1.4827586206896552,2014
2013-12-31,4,111479,16348,1781,105049,0.58,-0.05732381741615789,-0.058511863625892654,-0.6192003420996365,-0.035398148828325864,-0.6133333333333334,2013
2013-09-30,3,118258,17364,4677,108904,1.5,0.034193864343932553,0.008420930367617168,1.692573402417962,0.0028269657541184377,1.7777777777777777,2013
2013-06-30,2,114348,17219,1737,108597,0.54,-0.01009401457831951,-0.21031873423526715,-0.7875489236790607,0.06661101016549624,-0.7906976744186046,2013
2013-03-31,1,115514,21805,8176,101815,2.58,-0.057882245475528296,0.04957882069795427,0.21521997621878716,-0.07259643849341896,0.20560747663551399,2013
2012-12-31,4,122611,20775,6728,109785,2.14,0.06222006601460638,-0.008779044801755809,-0.060859854829704074,0.07284205177316747,-0.06140350877192969,2012
2012-09-30,3,115429,20959,7164,102331,2.28,-0.03717698480222879,0.1897031276607822,0.7545922116091109,-0.06539350266231927,0.7272727272727271,2012
2012-06-30,2,119886,17617,4083,109491,1.32,-0.031412089776528186,-0.2440677966101695,-0.5326771202930067,0.015460379878320225,-0.5285714285714285,2012
2012-03-31,1,123774,23305,8737,107824,2.8,0.039000067154657175,0.19850861403959888,0.34415384615384614,0.007362009043686236,0.34615384615384603,2012
2011-12-31,4,119128,19445,6500,107036,2.08,-0.05421691529649007,-0.04872560050878137,-0.06823394495412843,-0.05351584606677985,-0.07142857142857148,2011
2011-09-30,3,125957,20441,6976,113088,2.24,0.011199242144474238,-0.07577881267803048,-0.19464326945278226,0.03458118344494456,-0.19424460431654664,2011
2011-06-30,2,124562,22117,8662,109308,2.78,0.08463802441615437,-0.06750147567248503,-0.013439635535307517,0.11511466579613155,-0.021126760563380302,2011
2011-03-31,1,114842,23718,8780,98024,2.84,0.055727155727155725,0.04475376618800106,0.2930780559646539,0.042398204961876705,0.2792792792792791,2011
2010-12-31,4,108780,22702,6790,94037,2.22,0.17293135796079445,0.43665358815339833,0.9607276927519491,0.08038832720588235,0.9821428571428571,2010
2010-09-30,3,92742,15802,3463,87040,1.12,0.024004063245296352,0.09122298183827084,-0.21170043250625997,0.04947128543352183,-0.22222222222222213,2010
2010-06-30,2,90568,14481,4393,82937,1.44,0.05235760265854849,-0.06556107633735561,-0.19850392264185368,0.06605568266536414,-0.19101123595505623,2010
2010-03-31,1,86062,15497,5481,77798,1.78,-0.022200508998363934,-0.18804359216179398,1.7950025497195308,-0.009460027246915624,1.7812500000000002,2010
2009-12-31,4,88016,19086,1961,78541,0.64,0.17340585796371102,0.5021249803242562,-0.39605789959963045,0.1020514115732166,-0.39622641509433965,2009
2009-09-30,3,75009,12706,3247,71268,1.06,0.17418052033436648,0.14067690097854385,-0.15044479330193616,0.1831855762526148,-0.1451612903225806,2009
2009-06-30,2,63882,11139,3822,60234,1.24,0.09721411150424238,-0.04336997595328066,0.09575688073394495,0.12536432254689486,0.08771929824561413,2009
2009-03-31,1,58222,11644,3488,53524,1.14,0.0,0.0,0.0,0.0,0.0,2009
