Date,Quarter,Total Revenue,Gross Profit,Net Income,Total Operating Expenses,EPS,Total Revenue Gr,Gross Profit Gr,Net Income Gr,Total Operating Expenses Gr,EPS Gr,Year
2023-01-31,1,16745,9079,1113,15078,0.61,-0.029219085164357353,-0.23033231603933538,-0.7774890043982408,0.2515979081929111,-0.7789855072463768,2023
2022-10-31,4,17249,11796,5002,12047,2.76,0.5136012636012636,0.389235661288423,1.0292089249492902,0.4073598130841122,1.029411764705882,2022
2022-07-31,3,11396,8491,2465,8560,1.36,0.11747401451264954,-0.04520409310693804,-0.16638484950963814,0.30547506481622694,-0.17073170731707307,2022
2022-04-30,2,10198,8893,2957,6557,1.64,0.03312734272110222,-0.0015717974626698102,0.014756348661633494,0.03602464844367199,0.024999999999999883,2022
2022-01-31,1,9871,8907,2914,6329,1.6,0.023113598673300165,0.02308752584424535,-0.013206908228919742,-0.0700852189244784,-0.012345679012345689,2022
2021-10-31,4,9648,8706,2953,6806,1.62,-0.013396052766131506,-0.0016055045871559634,0.0397887323943662,0.08410321758521823,0.03846153846153849,2021
2021-07-31,3,9779,8720,2840,6278,1.56,0.05936518253710324,0.07309869554516367,-0.015256588072122053,0.10256410256410256,-0.012658227848101276,2021
2021-04-30,2,9231,8126,2884,5694,1.58,-0.041433021806853584,-0.0328493215900976,0.15544871794871795,-0.13108499923699068,0.1449275362318842,2021
2021-01-31,1,9630,8402,2496,6553,1.38,-0.03593953348683552,-0.0609142729406505,-0.3402061855670103,-0.004405955636584625,-0.3397129186602871,2021
2020-10-31,4,9989,8947,3783,6582,2.09,0.11546621998883305,0.14749262536873156,1.3732747804265997,-0.08899653979238754,1.3483146067415728,2020
2020-07-31,3,8955,7797,1594,7225,0.89,-0.08780686564123459,0.017752251664273595,0.5137701804368471,-0.17096959265633965,0.5344827586206898,2020
2020-04-30,2,9817,7661,1053,8715,0.58,-0.1214426346876678,-0.049857373186158994,-0.5258892390814949,0.017988552739165987,-0.5245901639344263,2020
2020-01-31,1,11174,8063,2221,8561,1.22,0.00757439134355275,0.03385049365303244,0.05611031859248693,0.00011682242990654206,0.05172413793103453,2020
2019-10-31,4,11090,7799,2103,8560,1.16,-0.02616789603090973,-0.013783510369246332,-0.12375,0.002694154855335598,-0.11450381679389322,2019
2019-07-31,3,11388,7908,2400,8537,1.31,0.03659202621518296,0.029553443562036194,0.0273972602739726,0.03768080709857785,0.02343750000000002,2019
2019-04-30,2,10986,7681,2336,8227,1.28,-0.003808487486398259,0.02290584631775203,0.3333333333333333,-0.09414225941422594,0.34736842105263166,2019
2019-01-31,1,11028,7509,1752,9082,0.95,0.008781558726673985,-0.02379095163806552,-0.20435967302452315,0.0890994123995683,-0.21487603305785125,2019
2018-10-31,4,10932,7692,2202,8339,1.21,0.026575265283125177,0.004046469129356481,-0.06178099701746911,0.06256371049949032,-0.05468750000000005,2018
2018-07-31,3,10649,7661,2347,7848,1.28,0.07154357013483598,0.03234065489826169,0.05199462124607799,0.09364548494983277,0.05785123966942154,2018
2018-04-30,2,9938,7421,2231,7176,1.21,0.02665289256198347,0.002296056185845489,0.2353266888150609,0.013988978380669776,0.2346938775510204,2018
2018-01-31,1,9680,7404,1806,7077,0.98,0.024989411266412537,-0.0012140833670578712,-0.14,0.03238512035010941,-0.13274336283185834,2018
2017-10-31,4,9444,7413,2100,6855,1.13,0.07014164305949008,0.05313254723682341,0.028907398334149927,0.09732671682407555,0.018018018018017834,2017
2017-07-31,3,8825,7039,2041,6247,1.11,0.1128625472887768,0.10623919534810623,0.11958310477235326,0.05381241565452092,0.13265306122448992,2017
2017-04-30,2,7930,6363,1823,5928,0.98,-0.047790585975024016,-0.06960081883316274,-0.01031487513572204,-0.023393739703459638,-0.01010101010101011,2017
2017-01-31,1,8328,6839,1842,6070,0.99,0.03672351549856841,0.02656859801861303,0.08480565371024736,0.023608768971332208,0.08791208791208786,2017
2016-10-31,4,8033,6662,1698,5930,0.91,0.003247158736105907,-0.00818817924668751,-0.04067796610169491,0.0157588215142172,-0.052083333333333266,2016
2016-07-31,3,8007,6717,1770,5838,0.96,0.07838383838383839,0.07886283327979442,0.18157543391188252,0.03879003558718861,0.18518518518518506,2016
2016-04-30,2,7425,6226,1498,5620,0.81,0.0,-0.00828289264096846,-0.05309734513274336,0.024239110625113906,-0.047058823529411674,2016
2016-01-31,1,7425,6278,1582,5487,0.85,-0.15759019741320626,-0.1876293995859213,0.14970930232558138,-0.27295614151318404,0.1643835616438356,2016
2015-10-31,4,8814,7728,1376,7547,0.73,0.25448334756618274,0.34073560027758504,-0.24395604395604395,0.6013155102906853,-0.24742268041237114,2015
2015-07-31,3,7026,5764,1820,4713,0.97,-0.015414798206278026,-0.030608812647157754,0.21171770972037285,-0.11109015465861939,0.2435897435897435,2015
2015-04-30,2,7136,5946,1502,5302,0.78,0.12484237074401008,0.19879032258064516,-0.08022045315370484,0.11832946635730858,-0.10344827586206894,2015
2015-01-31,1,6344,4960,1633,4741,0.87,-0.26000233290563396,-0.3031750491711155,0.0814569536423841,-0.31369426751592355,0.08749999999999994,2015
2014-10-31,4,8573,7118,1510,6908,0.8,0.16370299986425954,0.2027712064886786,-0.20900995285489785,0.33230472516875603,-0.2156862745098039,2014
2014-07-31,3,7367,5918,1909,5185,1.02,0.031070678796361093,0.028859527121001392,0.047749725576289793,0.07238883143743537,0.03030303030303033,2014
2014-04-30,2,7145,5752,1822,4835,0.99,-0.0877170582226762,-0.08741868951293034,0.003303964757709251,-0.18161814488828706,0.03125000000000003,2014
2014-01-31,1,7832,6303,1816,5908,0.96,-0.2503828483920367,-0.28860045146726865,0.21390374331550802,-0.339814504413901,-0.3924050632911393,2014
2013-10-31,4,10448,8860,1496,8949,1.58,0.4308408655162969,0.5511204481792717,0.027472527472527472,0.5683491062039958,1.0789473684210527,2013
2013-07-31,3,7302,5712,1456,5706,0.76,-0.013243243243243243,-0.025255972696245733,-0.11596842744383729,0.03444525018129079,-0.1264367816091954,2013
2013-04-30,2,7400,5860,1647,5516,0.87,-0.009768499933092466,0.01471861471861472,-0.057240984544934176,-0.015878679750223015,-0.05434782608695657,2013
2013-01-31,1,7473,5775,1747,5605,0.92,-0.28268381647149166,-0.32942405945192754,0.10360075805432722,-0.3147921760391198,0.09523809523809533,2013
2012-10-31,4,10418,8612,1583,8180,0.84,0.462791350744173,0.618796992481203,-0.07804309842748981,0.6246276067527309,-0.06666666666666672,2012
2012-07-31,3,7122,5320,1717,5035,0.9,0.019029904135069393,0.027820710973724884,0.08464939987365762,-0.030425572886578087,0.03448275862068969,2012
2012-04-30,2,6989,5176,1583,5193,0.87,0.0930559899906162,0.11720267645154328,0.1147887323943662,0.15451311694086262,0.11538461538461534,2012
2012-01-31,1,6394,4633,1420,4498,0.78,-0.18443877551020407,-0.28469970665431527,-0.07552083333333333,-0.24732262382864792,-0.06024096385542161,2012
2011-10-31,4,7840,6477,1536,5976,0.83,0.1375507835171213,0.18909491463190747,0.03643724696356275,0.16083916083916083,0.024691358024691242,2011
2011-07-31,3,6892,5447,1482,5148,0.81,0.03951734539969834,0.04169057181105374,0.08890521675238795,0.021225947232691927,0.08000000000000007,2011
2011-04-30,2,6630,5229,1361,5041,0.75,0.06987251896078747,0.1125531914893617,-0.13915243516761544,0.17369033760186264,-0.13793103448275862,2011
2011-01-31,1,6197,4700,1581,4295,0.87,-0.07105381502023685,-0.09702209414024976,0.6248715313463515,-0.14527363184079603,0.641509433962264,2011
2010-10-31,4,6671,5205,973,5025,0.53,0.12991192411924118,0.15538290788013318,-0.1320249776984835,0.09836065573770492,-0.17187499999999997,2010
2010-07-31,3,5904,4505,1121,4575,0.64,-0.01649175412293853,-0.029094827586206896,-0.020104895104895104,-0.003919007184846506,0.015873015873015886,2010
2010-04-30,2,6003,4640,1144,4593,0.63,-0.026593157126641804,-0.026028547439126783,-0.07067424857839155,-0.024219247928616953,-0.08695652173913036,2010
2010-01-31,1,6167,4764,1231,4707,0.69,0.4092778793418647,0.6094594594594595,0.2756476683937824,0.36119144013880855,0.27777777777777757,2010
2009-10-31,4,4376,2960,965,3458,0.54,-0.24759284731774414,-0.3173431734317343,0.15430622009569378,-0.2569832402234637,0.1489361702127661,2009
2009-07-31,3,5816,4336,836,4654,0.47,0.031754479332978536,0.0677173110071411,0.5090252707581228,0.02151009657594381,0.5161290322580644,2009
2009-04-30,2,5637,4061,554,4556,0.31,0.6816825775656324,2.048798798798799,-0.04317789291882556,-0.07020408163265306,-0.08823529411764713,2009
2009-01-31,1,3352,1332,579,4900,0.34,0.0,0.0,0.0,0.0,0.0,2009
