Date,Quarter,Total Revenue,Gross Profit,Net Income,Total Operating Expenses,EPS,Total Revenue Gr,Gross Profit Gr,Net Income Gr,Total Operating Expenses Gr,EPS Gr,Year
2022-09-30,3,5241,3617,2284,2563,2.47,0.005564082885648503,-0.002206896551724138,0.00131521262604121,0.029730815588589796,0.008163265306122455,2022
2022-06-30,2,5212,3625,2281,2489,2.45,0.06258919469928645,0.05316676350958745,0.0406021897810219,0.0627668659265585,0.042553191489361736,2022
2022-03-31,1,4905,3442,2192,2342,2.35,0.015107615894039736,0.02746268656716418,0.02959135744480977,0.0055817947617003,0.03524229074889871,2022
2021-12-31,4,4832,3350,2129,2329,2.27,0.04070643980185225,0.06281725888324872,0.09855521155830753,-0.003849443969204448,0.0966183574879228,2021
2021-09-30,3,4643,3152,1938,2338,2.07,0.013755458515283843,0.024374390640233994,0.007276507276507277,-0.0122517955217575,0.009756097560975618,2021
2021-06-30,2,4580,3077,1924,2367,2.05,0.06784798321287014,0.10010725777618877,0.10257879656160458,0.00723404255319149,0.09625668449197845,2021
2021-03-31,1,4289,2797,1745,2350,1.87,0.05225711481844946,0.057067271352985637,0.046163069544364506,0.03844454264250994,0.038888888888888924,2021
2020-12-31,4,4076,2646,1668,2263,1.8,0.06785433586586324,0.07867916836526702,0.2328159645232816,0.024909420289855072,0.24137931034482765,2020
2020-09-30,3,3817,2453,1353,2208,1.45,0.17845013893176906,0.1781940441882805,-0.014566642388929352,0.09796121332670313,-0.02027027027027029,2020
2020-06-30,2,3239,2082,1373,2011,1.48,-0.027035145689396214,-0.0028735632183908046,0.1695059625212947,-0.035491606714628296,0.1935483870967742,2020
2020-03-31,1,3329,2088,1174,2085,1.24,-0.00626865671641791,-0.004291845493562232,0.12237093690248566,-0.007615421227986673,0.09734513274336293,2020
2019-12-31,4,3350,2097,1046,2101,1.13,-0.11164147440997083,-0.142681929681112,-0.26596491228070174,-0.03712190650779102,-0.24161073825503362,2019
2019-09-30,3,3771,2446,1425,2182,1.49,0.02808069792802617,0.036440677966101696,0.09195402298850575,0.009250693802035153,0.09558823529411756,2019
2019-06-30,2,3668,2360,1305,2162,1.36,0.020589872008903727,0.0437859354268023,0.0794044665012407,-0.023927765237020317,0.07936507936507943,2019
2019-03-31,1,3594,2261,1209,2215,1.26,-0.033091202582728005,-0.060656418778562524,0.010869565217391304,0.006360745115856429,0.0,2019
2018-12-31,4,3717,2407,1196,2201,1.26,-0.1276695611358836,-0.14158345221112695,-0.23821656050955414,-0.052925989672977625,-0.20253164556962028,2018
2018-09-30,3,4261,2804,1570,2324,1.58,0.06074184714961414,0.07063764795723558,0.11743772241992882,0.00824295010845987,0.1285714285714287,2018
2018-06-30,2,4017,2619,1405,2305,1.4,0.060174188440221696,0.07029015120555783,0.02855051244509517,0.0285586791610888,0.0370370370370369,2018
2018-03-31,1,3789,2447,1366,2241,1.35,0.0104,0.0028688524590163933,3.4064516129032256,0.024691358024691357,2.857142857142857,2018
2017-12-31,4,3750,2440,310,2187,0.35,-0.08892128279883382,-0.08132530120481928,-0.7587548638132295,-0.06056701030927835,-0.7222222222222222,2017
2017-09-30,3,4116,2656,1285,2328,1.26,0.11454102355808286,0.11878685762426285,0.2168560606060606,0.051965657478535925,0.2233009708737864,2017
2017-06-30,2,3693,2374,1056,2213,1.03,0.0855379188712522,0.10727611940298508,0.05917753259779338,0.02930232558139535,0.06185567010309284,2017
2017-03-31,1,3402,2144,997,2150,0.97,-0.0035149384885764497,0.003275620028076743,-0.04775549188156638,0.03266090297790586,-0.049019607843137296,2017
2016-12-31,4,3414,2137,1047,2082,1.02,-0.07102040816326531,-0.06436077057793345,0.02848722986247544,-0.08160564622849581,0.04081632653061228,2016
2016-09-30,3,3675,2284,1018,2267,0.98,0.1228230980751604,0.13801694070752366,0.24297924297924298,0.05835667600373483,0.24050632911392397,2016
2016-06-30,2,3273,2007,819,2142,0.79,0.08809840425531915,0.09732094040459267,0.1518987341772152,0.058300395256917,0.1449275362318842,2016
2016-03-31,1,3008,1829,711,2024,0.69,-0.05675760426465977,-0.02764486975013291,-0.14952153110047847,0.01250625312656328,-0.13750000000000012,2016
2015-12-31,4,3189,1881,836,1999,0.8,-0.0699912510936133,-0.05808713069604406,0.047619047619047616,-0.11743929359823399,0.05263157894736847,2015
2015-09-30,3,3429,1997,798,2265,0.76,0.0609529702970297,0.06166932482721956,0.14655172413793102,0.01935193519351935,0.1692307692307692,2015
2015-06-30,2,3232,1881,696,2222,0.65,0.02603174603174603,0.03579295154185022,0.06097560975609756,0.013686131386861315,0.06557377049180334,2015
2015-03-31,1,3150,1816,656,2192,0.61,-0.03640256959314775,-0.041688654353562005,-0.19112207151664612,0.010603964960811434,-0.18666666666666668,2015
2014-12-31,4,3269,1895,811,2169,0.75,-0.06626678091973721,-0.07289628180039139,-0.0024600246002460025,-0.06749785038693035,-0.013157894736842117,2014
2014-09-30,3,3501,2044,813,2326,0.76,0.06348724179829891,0.08665603402445508,0.20802377414561665,0.006926406926406926,0.22580645161290325,2014
2014-06-30,2,3292,1881,673,2310,0.62,0.10358699296010727,0.17050404480398257,0.40208333333333335,0.007413868294810292,0.40909090909090906,2014
2014-03-31,1,2983,1607,480,2293,0.44,-0.015186530207989435,-0.020719073735527116,-0.04572564612326044,-0.020922288642186166,-0.02222222222222224,2014
2013-12-31,4,3029,1641,503,2342,0.45,-0.06627620221948212,-0.0775716694772344,-0.18608414239482202,-0.024166666666666666,-0.19642857142857148,2013
2013-09-30,3,3244,1779,618,2400,0.56,0.06465375779455201,0.13312101910828025,-0.04776579352850539,0.12097150864082204,-0.034482758620689495,2013
2013-06-30,2,3047,1570,649,2141,0.58,0.056152512998266894,0.14264919941775836,0.828169014084507,-0.14016064257028113,0.8124999999999999,2013
2013-03-31,1,2885,1374,355,2490,0.32,-0.031554212823095,-0.04979253112033195,0.36538461538461536,-0.1235480464625132,0.3333333333333334,2013
2012-12-31,4,2979,1446,260,2841,0.24,-0.12123893805309735,-0.16896551724137931,-0.6618985695708712,0.11411764705882353,-0.6417910447761195,2012
2012-09-30,3,3390,1740,769,2550,0.67,0.01649175412293853,0.05390672319806178,0.7557077625570776,-0.06832298136645963,0.7631578947368421,2012
2012-06-30,2,3335,1651,438,2737,0.38,0.06856776674142903,0.07838014369693011,0.6781609195402298,0.0047723935389133625,0.7272727272727273,2012
2012-03-31,1,3121,1531,261,2724,0.22,-0.08715998830067272,-0.010342598577892695,-0.10921501706484642,-0.10805500982318271,-0.15384615384615388,2012
2011-12-31,4,3419,1547,293,3054,0.26,-0.013560300057703404,-0.11295871559633028,-0.5042301184433164,0.1515837104072398,-0.49019607843137253,2011
2011-09-30,3,3466,1744,591,2652,0.51,0.002313475997686524,-0.00513405590416429,-0.1059001512859304,0.038777908343125736,-0.08928571428571436,2011
2011-06-30,2,3458,1753,661,2553,0.56,0.01945754716981132,0.014467592592592593,0.007621951219512195,0.027777777777777776,0.018181818181818195,2011
2011-03-31,1,3392,1728,656,2484,0.55,-0.03773049645390071,-0.07593582887700535,-0.2885032537960954,0.08235294117647059,-0.2857142857142857,2011
2010-12-31,4,3525,1870,922,2295,0.77,-0.05748663101604278,-0.08288376655223148,0.08983451536643026,-0.08674890569040987,0.08450704225352121,2010
2010-09-30,3,3740,2039,846,2513,0.71,0.06979405034324943,0.07655755015839494,0.11609498680738786,0.05190456257848472,0.1451612903225806,2010
2010-06-30,2,3496,1894,758,2389,0.62,0.090795631825273,0.12137359384251035,0.1519756838905775,0.05942350332594235,0.19230769230769226,2010
2010-03-31,1,3205,1689,658,2255,0.52,0.06691078561917443,0.06360201511335013,0.0265210608424337,0.05918271488961954,0.0,2010
2009-12-31,4,3004,1588,641,2129,0.52,0.043055555555555555,0.07224848075624578,0.19144981412639406,0.005668398677373642,0.2380952380952382,2009
2009-09-30,3,2880,1481,538,2117,0.42,0.17216117216117216,0.31761565836298933,1.0692307692307692,0.0014191106906338694,1.0999999999999999,2009
2009-06-30,2,2457,1124,260,2114,0.2,0.17785234899328858,0.3945409429280397,14.294117647058824,0.018304431599229287,19.0,2009
2009-03-31,1,2086,806,17,2076,0.01,0.0,0.0,0.0,0.0,0.0,2009
