Date,Quarter,Total Revenue,Gross Profit,Net Income,Total Operating Expenses,EPS,Total Revenue Gr,Gross Profit Gr,Net Income Gr,Total Operating Expenses Gr,EPS Gr,Year
2023-03-31,1,91931,91931,5611,83845,5.95,0.11045212412576853,3.4024039842926923,0.17853392144507457,0.10473542742700538,0.18525896414342644,2023
2022-12-31,4,82787,20882,4761,75896,5.02,0.02340099389324301,0.04655941462436726,-0.0952109464082098,0.03355485346987689,-0.09549549549549555,2022
2022-09-30,3,80894,19953,5262,73432,5.55,0.0069959667380371455,0.015781703405793414,0.0378698224852071,0.003169398907103825,0.039325842696629205,2022
2022-06-30,2,80332,19643,5070,73200,5.34,0.0022832474516213553,0.026333664245780868,0.008553809429082952,1.3661388816787115e-05,0.013282732447817892,2022
2022-03-31,1,80149,19139,5027,73199,5.27,0.08686926216725656,0.0884326660600546,0.23483173667403587,0.07326764611008475,0.23708920187793422,2022
2021-12-31,4,73743,17584,4071,68202,4.26,0.019436802742718112,0.020367898798816224,-0.003671071953010279,0.023669793621013135,-0.00467289719626179,2021
2021-09-30,3,72337,17233,4086,66625,4.28,0.014245453653201722,0.006894536955886649,-0.04219409282700422,0.019619546087568676,-0.04035874439461877,2021
2021-06-30,2,71321,17115,4266,65343,4.46,0.016026554219613652,-0.03414221218961625,-0.12258329905388729,0.029720913374411018,-0.12204724409448821,2021
2021-03-31,1,70196,17720,4862,63457,5.08,0.0722348664212504,0.12415149400494829,1.198010849909584,0.024326069410815172,1.2086956521739132,2021
2020-12-31,4,65467,15763,2212,61950,2.3,0.005405820471473546,0.014089037570766856,-0.3026481715006305,0.02457660756813972,-0.30303030303030304,2020
2020-09-30,3,65115,15544,3172,60464,3.3,0.047909491776368725,-0.22120346710757052,-0.522073225855055,0.14305159082745714,-0.5224312590448625,2020
2020-06-30,2,62138,19959,6637,52897,6.91,-0.03543875444342683,0.2685267573407906,0.962448255470136,-0.10985275557425327,0.9630681818181819,2020
2020-03-31,1,64421,15734,3382,59425,3.52,0.057798722516871646,0.04102156940584888,-0.044902569895509746,0.06484965774289503,-0.04347826086956525,2020
2019-12-31,4,60901,15114,3541,55806,3.68,0.009113353548408478,0.02935367431723762,0.0008479366873940079,0.008475341995409943,0.0027247956403270383,2019
2019-09-30,3,60351,14683,3538,55337,3.67,-0.004026734879115439,0.06298414537030333,0.07440024293956879,-0.009203058136828347,0.07309941520467836,2019
2019-06-30,2,60595,13813,3293,55851,3.42,0.004758904291304636,-0.012510723477266228,-0.05018748197288722,0.006759679861561756,-0.03932584269662925,2019
2019-03-31,1,60308,13988,3467,55476,3.56,0.032370714004485,0.0109127701091277,0.14046052631578948,0.028857566765578636,0.14838709677419354,2019
2018-12-31,4,58417,13837,3040,53920,3.1,0.03290543885706203,0.011476608187134503,-0.04642409033877039,0.03760150867875149,-0.04320987654320991,2018
2018-09-30,3,56556,13680,3188,51966,3.24,0.008379987875762222,0.0373066424021838,0.09103353867214237,0.0016190586330519256,0.08724832214765109,2018
2018-06-30,2,56086,13188,2922,51882,2.98,0.016271653257954627,0.0035765923445704286,0.030324400564174896,0.014608389557054855,0.03832752613240414,2018
2018-03-31,1,55188,13141,2836,51135,2.87,0.06006415550988264,0.0618989898989899,-0.21592479955764446,0.06345145994509609,-0.21584699453551912,2018
2017-12-31,4,52061,12375,3617,48084,3.66,0.034557450021859226,0.026715340579108935,0.45553319919517105,0.0400138426266384,0.45816733067729104,2017
2017-09-30,3,50322,12053,2485,46234,2.51,0.005374303238567119,0.03770985794231597,0.08800350262697022,-0.0018997452614308535,0.08189655172413791,2017
2017-06-30,2,50053,11615,2284,46322,2.32,0.02729716971450855,0.05898978847556528,0.05156537753222836,0.02233502538071066,0.04035874439461877,2017
2017-03-31,1,48723,10968,2172,45310,2.23,0.024992111076049227,-0.04882490677304657,0.28978622327790976,0.02169207179579688,0.28160919540229884,2017
2016-12-31,4,47535,11531,1684,44348,1.74,0.026829110232648563,0.036214953271028034,-0.1443089430894309,0.038278744176246104,-0.14285714285714277,2016
2016-09-30,3,46293,11128,1968,42713,2.03,-0.004130364633752824,0.059103454839630726,0.12200684150513112,-0.013146342590453306,0.12154696132596671,2016
2016-06-30,2,46485,10507,1754,43282,1.81,0.04397331955891931,0.028082191780821917,0.08876474239602732,0.04125869078836577,0.0838323353293414,2016
2016-03-31,1,44527,10220,1611,41567,1.67,0.021284891855317782,0.07420643262560438,0.3226600985221675,0.01060027716321023,0.32539682539682535,2016
2015-12-31,4,43599,9514,1218,41131,1.26,0.0508568536238521,-0.013888888888888888,-0.23731997495303694,0.06914299082425723,-0.2363636363636363,2015
2015-09-30,3,41489,9648,1597,38471,1.65,0.14411383503846897,0.07057256990679095,0.007570977917981073,0.15293095181011748,0.0060975609756097615,2015
2015-06-30,2,36263,9012,1585,33368,1.64,0.014179438415930194,0.01807501129688206,0.12172682236376504,0.007609614687764223,0.12328767123287668,2015
2015-03-31,1,35756,8852,1413,33116,1.46,0.06948224807824604,0.03254403359384113,-0.06423841059602649,0.07982261640798226,-0.05806451612903231,2015
2014-12-31,4,33433,8573,1510,30668,1.55,0.020574498611068713,-0.015955004591368227,-0.05742821473158552,0.02719721329046088,-0.049079754601226905,2014
2014-09-30,3,32759,8712,1602,29856,1.63,0.005679376189599066,0.072642206353115,0.1377840909090909,-0.005529278529078675,0.14788732394366194,2014
2014-06-30,2,32574,8122,1408,30022,1.42,0.027311719439888988,0.06756046267087276,0.28116469517743403,0.012409792945302488,0.29090909090909073,2014
2014-03-31,1,31708,7608,1099,29654,1.1,0.01899283349937333,0.023268325487558843,-0.22985283812193413,0.03450200593057736,-0.2198581560283687,2014
2013-12-31,4,31117,7435,1427,28665,1.41,0.016098484848484848,-0.052745572684418394,-0.0910828025477707,0.024006001500375095,-0.07843137254901968,2013
2013-09-30,3,30624,7849,1570,27993,1.53,0.007103393843725336,0.03740417657943431,0.09331476323119778,-0.0004998750312421895,0.09285714285714294,2013
2013-06-30,2,30408,7566,1436,28007,1.4,0.0022412656558998025,0.06728734659331359,0.20469798657718122,-0.006879188681252438,0.20689655172413793,2013
2013-03-31,1,30340,7089,1192,28201,1.16,0.05460738989884946,-0.032086291643910435,-0.04180064308681672,0.057484625768711564,-0.03333333333333337,2013
2012-12-31,4,28769,7324,1244,26668,1.2,0.053732327302029155,0.01665741254858412,-0.2010276172125883,0.08002591932609752,-0.20000000000000004,2012
2012-09-30,3,27302,7204,1557,24692,1.5,0.0013570511644966073,0.08624849215922799,0.16454749439042632,-0.013858380925755821,0.1811023622047244,2012
2012-06-30,2,27265,6632,1337,25039,1.27,-0.0006231214720328422,-0.01147712028618274,-0.03674351585014409,0.002964149809733627,-0.030534351145038195,2012
2012-03-31,1,27282,6709,1388,24965,1.31,0.05270875135051706,0.005545563549160672,0.10333863275039745,0.047101753208623434,0.11016949152542384,2012
2011-12-31,4,25916,6672,1258,23842,1.18,0.025158227848101265,0.06530416733194955,-0.010228166797797011,0.02722964239551917,0.008547008547008555,2011
2011-09-30,3,25280,6263,1271,23210,1.17,0.0018229373068082745,0.026384791871517536,0.0031570639305445935,0.003241841365895829,0.008620689655172422,2011
2011-06-30,2,25234,6102,1267,23135,1.16,-0.007785467128027681,-0.0009823182711198428,-0.058692421991084695,-0.0032743095945887727,-0.04918032786885251,2011
2011-03-31,1,25432,6108,1346,23211,1.22,0.05834373699542239,-0.01626670961507489,0.29050814956855225,0.04422350188950873,0.29787234042553196,2011
2010-12-31,4,24030,6209,1043,22228,0.94,0.015294912962649992,0.045286195286195284,-0.18324197337509787,0.03275565673930214,-0.17543859649122803,2010
2010-09-30,3,23668,5940,1277,21523,1.14,0.01736588720770289,0.07823561444908332,0.1371326803205699,0.007489584796142864,0.15151515151515144,2010
2010-06-30,2,23264,5509,1123,21363,0.99,0.0030612684861811754,-0.005595667870036101,-0.05709487825356843,0.008783113755489446,-0.03883495145631071,2010
2010-03-31,1,23193,5540,1191,21177,1.03,0.06468049944913698,0.05604269919939001,0.2616525423728814,0.04789945073976941,0.27160493827160487,2010
2009-12-31,4,21784,5246,944,20209,0.81,0.004102327725282323,0.032270759543486814,-0.08792270531400966,0.009490983565612668,-0.08988764044943816,2009
2009-09-30,3,21695,5082,1035,20019,0.89,0.0018471484645578389,0.07532797291578502,0.2048894062863795,-0.009695770467474647,0.21917808219178087,2009
2009-06-30,2,21655,4726,859,20215,0.73,-0.015860752590438103,-0.060437375745526836,-0.12703252032520326,-0.005950039339103068,-0.09876543209876551,2009
2009-03-31,1,22004,5030,984,20336,0.81,0.0,0.0,0.0,0.0,0.0,2009
